2476 3732
140 338 177 382 12
456 341 627 386 AENEIDOS
660 344 724 389 LIB.
749 344 807 390 VII.

135 573 256 633 flectere
273 573 298 632 si
314 592 434 650 nequeo
452 576 592 650 Superos
610 576 786 634 Acheronta
801 578 940 637 movebo

135 687 197 725 non
213 667 334 725 dabitur
349 667 459 744 regnis,
477 677 551 740 est0,
568 668 729 744 prohibere
746 669 873 742 Latinis,

135 771 227 836 atque
242 761 368 818 immota
383 769 486 818 manet
499 760 571 818 fatis
588 761 716 819 Lavinia
732 762 878 820 coniunx:

135 864 166 912 at
180 855 309 926 trahere,
326 863 418 929 atque
433 873 534 913 moras
549 853 643 912 tantis
659 854 730 913 licet
746 855 858 914 addere
874 857 979 928 rebus3

134 957 165 1005 at
181 947 251 1005 licet
267 947 424 1006 amborum
439 946 570 1022 populos
586 947 764 1005 exscindere
780 967 893 1024 regum.

133 1041 191 1097 hac
206 1059 299 1116 gener
315 1049 406 1115 atque
422 1059 509 1098 socer
524 1049 634 1098 coeant
649 1040 789 1099 mercede
805 1060 936 1099 suorum.

134 1133 282 1209 sanguine
299 1132 433 1190 Troiano
449 1142 479 1191 et
496 1133 611 1190 Rutulo
627 1133 783 1205 dotabere,
799 1133 893 1209 virg0,

134 1234 164 1283 et
180 1225 306 1283 Bellona
321 1235 424 1283 manet
439 1235 469 1283 te
485 1226 632 1300 pronuba.
678 1228 744 1283 Nec
759 1227 826 1284 iace
842 1235 961 1284 tanturn

135 1317 250 1377 Cisseis
266 1337 438 1393 praegnans
455 1317 533 1393 ignis
549 1317 639 1375 enixa
654 1317 775 1394 iugalis,

134 1411 208 1486 quin
223 1410 304 1468 idem
320 1409 433 1467 Veneri
448 1419 553 1485 partus
570 1429 642 1468 suus
659 1420 689 1468 et
705 1411 790 1470 Paris
807 1412 890 1484 alter,

132 1505 335 1577 funestaeque
351 1502 459 1559 iterum
474 1502 607 1560 recidiva
622 1503 653 1559 in
671 1505 818 1579 Pergama
833 1504 950 1563 taedae.

177 1597 266 1652 Haec
281 1594 333 1652 ubi
349 1594 431 1652 dicta
446 1594 539 1667 dedit,
556 1604 652 1653 terras
667 1596 819 1654 horrenda
833 1596 953 1672 petivit:

133 1687 297 1747 luctificam
312 1687 422 1744 Alecto
438 1687 569 1744 dirarum
585 1689 624 1746 ab
640 1688 713 1746 sede
729 1689 854 1746 dearum

133 1780 322 1856 infernisque
338 1779 398 1838 ciet
412 1780 556 1852 tenebriS,
574 1781 621 1839 cui
637 1781 735 1839 tristia
749 1781 830 1840 bella

133 1875 257 1949 iraeque
272 1872 463 1948 insidiaeque
480 1882 511 1930 et
526 1873 652 1930 crimina
667 1875 759 1931 noxia
773 1875 866 1933 cordi.

134 1967 199 2026 odit
214 1975 245 2024 et
260 1966 326 2042 ipsc
341 1975 428 2041 pater
444 1966 564 2038 Pluton,
581 1967 673 2024 odere
689 1986 809 2025 sorores

134 2063 299 2118 Tartareae
314 2068 496 2116 monstrum:
519 2068 564 2116 tot
579 2078 647 2117 sese
663 2059 753 2118 vertit
768 2059 799 2117 in
815 2079 876 2134 ora,

133 2163 197 2211 tarn
212 2171 322 2210 saevae
337 2151 442 2223 facies
459 2161 504 2210 tot
519 2151 649 2228 pullulat
665 2161 730 2210 atra
746 2151 887 2212 colubris.

134 2265 226 2322 quarn
242 2248 320 2303 Iuno
335 2244 383 2302 his
399 2244 480 2303 acuit
494 2245 604 2317 verbiS,
622 2264 658 2302 ac
673 2244 746 2302 talia
760 2246 854 2304 fatur:

133 2339 215 2395 hunc
230 2337 303 2394 mihi
319 2338 359 2395 da
374 2337 537 2413 proprium,
554 2337 639 2413 virgo
655 2347 721 2395 sata
738 2340 846 2410 Nocte,
863 2338 1008 2411 laborem,

133 2432 214 2488 hanc
229 2449 361 2506 operam,
379 2449 417 2487 ne
433 2440 537 2487 noster
552 2430 650 2489 honos
667 2429 834 2488 infractave
850 2431 941 2488 cedat

132 2525 216 2581 fama
230 2522 307 2594 loco,
324 2541 384 2579 neu
399 2521 538 2580 conubiis
555 2522 670 2581 ambire
686 2523 829 2581 Latinum

134 2614 300 2674 Aeneadae
316 2613 445 2689 possint,
463 2614 597 2673 Italosve
613 2615 754 2674 obsidere
769 2615 848 2674 finis

133 2718 166 2767 tu
181 2717 270 2784 potes
285 2706 446 2765 unanimos
463 2725 579 2764 armare
595 2707 626 2764 in
641 2706 757 2783 proelia
771 2707 880 2766 fratres

134 2811 225 2876 atque
241 2799 320 2858 odiis
336 2818 457 2857 versare
473 2800 591 2872 domos,
608 2809 641 2857 tu
656 2801 782 2858 verbera
798 2800 888 2858 tectis

132 2895 336 2968 funereasque
352 2891 462 2950 inferre
476 2892 570 2964 iaceS,
587 2892 642 2950 tibi
658 2893 782 2950 nomina
798 2893 887 2965 mille,

133 2986 214 3045 mille
230 2985 361 3044 nocendi
377 2994 466 3043 artes
513 2985 689 3042 Fecundum
705 2995 834 3043 concute
850 2995 966 3061 pectus,

178 3183 225 3233 313
243 3168 361 3233 dabitur,
379 3168 507 3216 licebia-
513 3179 559 3230 317
579 3167 683 3231 coeant,
701 3168 937 3230 coniungantur.-
947 3181 994 3231 320
1013 3167 1121 3235 iugalis,

132 3247 277 3307 coniugalis.
285 3258 372 3308 -323
391 3244 531 3307 horrenda,
544 3249 623 3291 torva.
632 3272 665 3278 -
672 3242 721 3307 326
737 3243 819 3308 cordi,
832 3245 1002 3305 vaquttati.—
1009 3244 1056 3308 328
1069 3256 1122 3310 ora,

132 3323 260 3368 voltus.—
268 3335 316 3384 3²9
325 3318 419 3385 faciae,
425 3321 535 3384 somma
545 3347 579 3356 -
586 3334 600 3383 3
602 3333 630 3382 31
644 3319 715 3384 sata,
720 3319 790 3382 filia.
798 3347 832 3355 —
839 3333 887 3383 333
896 3319 1010 3385 ambire,
1019 3321 1124 3368 circum-

132 3399 225 3444 venire.
233 3424 267 3432 -
273 3395 320 3460 338
333 3397 453 3462 concute,
465 3401 556 3444 excute.
1083 3385 1090 3402 '
