2476 3732
152 293 189 352 18
478 304 648 349 Aruernos
673 303 737 348 ms.
755 303 813 349 vir.

151 461 258 501 cervus
274 450 338 500 erat
352 441 451 499 forma
465 438 634 515 praestanti
649 447 680 496 et
696 438 840 496 cornibus
856 437 974 514 ingens,

158 534 320 612 Pyrrhidae
335 529 421 609 pueri
437 551 527 607 quem
543 531 648 589 matris
664 531 702 589 ab
718 532 811 589 ubere
826 540 946 606 raptum

152 627 307 686 nutribant
323 626 519 703 Tyrrhusque
535 633 630 699 pater,
647 623 696 681 cui
711 623 795 700 regia
809 631 917 699 parent

152 728 297 792 armenta,
314 728 345 776 et
361 718 420 775 late
437 716 577 775 custodia
593 716 709 774 credita
724 716 833 792 campi.

152 814 313 872 adsuetum
328 810 461 886 imperiis
478 828 564 868 soror
578 809 662 867 omni
679 809 772 867 Silvia
787 828 860 867 cura

152 905 294 964 mollibus
310 904 449 962 intexens
466 904 595 961 ornabat
611 921 725 960 cornua
740 901 838 974 sertis,

151 1000 355 1076 pectebatque
370 997 476 1068 terum,
493 1014 631 1071 puroque
647 995 679 1052 in
693 995 779 1053 fonte
795 994 925 1053 lavabat.

153 1092 208 1150 Ille
225 1109 347 1147 manum
362 1089 483 1164 patiens
498 1106 684 1163 mensaeque
701 1088 847 1146 adsuetus
863 1086 928 1144 erili

152 1185 272 1243 errabat
289 1182 372 1240 silvis
388 1200 552 1256 rursusque
568 1181 608 1238 ad
624 1180 728 1237 limina
743 1189 816 1237 nota

131 1263 134 1268 ’
153 1277 218 1352 ipse
234 1276 358 1334 domum
374 1293 441 1332 sera
457 1273 596 1348 quamvis
612 1293 645 1331 se
661 1282 751 1331 nocte
766 1273 892 1331 terebat.

152 1371 234 1426 hunc
248 1367 353 1444 procul
369 1374 520 1424 errantem
535 1365 659 1423 rabidae
675 1365 815 1423 venantis
835 1364 893 1421 Iuli

153 1461 344 1521 comm0vere
360 1478 462 1530 canes,
479 1458 571 1516 fluvio
587 1477 655 1516 cum
670 1459 748 1516 forte
765 1457 901 1515 secundo

153 1554 308 1625 deflueret,
325 1552 451 1628 ripaque
467 1560 570 1609 aestus
586 1551 736 1610 viridante
752 1550 875 1608 levaret.

154 1647 219 1723 ipse
235 1646 336 1717 etiam,
353 1644 480 1702 eximiae
496 1644 595 1702 laudis
612 1662 778 1702 succensus
794 1662 905 1714 amore,

155 1738 307 1798 Ascanius
324 1756 416 1795 curvo
431 1736 540 1796 direxit
556 1737 673 1813 spicula
689 1755 803 1808 comu;

154 1851 212 1890 nec
227 1832 351 1890 dextrae
367 1829 479 1888 erranti
495 1829 571 1887 deus
587 1829 671 1902 afuit,
689 1837 819 1904 actaque
835 1829 930 1886 multo

153 1943 268 2002 perque
284 1933 402 1981 uterum
418 1922 520 1980 sonitu
535 1940 650 1997 perque
666 1921 717 1979 ilia
732 1921 815 1979 venit
830 1921 978 1979 harundo.

155 2017 276 2076 saucius
293 2025 323 2074 at
339 2015 513 2090 quadrupes
529 2024 602 2072 nota
617 2014 696 2072 intra
711 2023 792 2072 tecta
812 2014 931 2090 refugit,
1101 2023 1148 2076 500

157 2109 365 2184 successitque
380 2127 506 2184 gemens
522 2107 659 2180 stabulis,
677 2116 849 2183 questuque
865 2115 1008 2165 cruentus

157 2213 248 2278 atque
264 2200 437 2277 imploranti
454 2200 560 2258 similis
575 2210 690 2258 tectum
705 2219 795 2258 omne
810 2199 956 2274 replebat.

159 2295 251 2354 Silvia
266 2294 364 2371 prima
380 2311 473 2366 soror,
489 2292 599 2369 palmis
614 2311 760 2369 percussa
775 2292 914 2364 lacertos,

157 2387 301 2446 auxilium
316 2395 406 2444 vocat
421 2395 451 2444 et
467 2386 559 2444 duros
575 2386 745 2444 conclamat
761 2385 898 2461 agrestis.

157 2480 218 2552 olli,
234 2479 330 2556 pestis
347 2479 428 2536 enim
443 2477 544 2536 tacitis
561 2478 634 2535 latet
650 2496 759 2553 aspera
773 2477 866 2549 silvis,

158 2571 313 2648 improvisi
329 2571 450 2642 adsunt,
470 2570 520 2627 hic
535 2578 615 2627 torre
631 2579 764 2627 armatus
779 2571 899 2642 obusto,

159 2664 270 2740 stipitis
285 2663 336 2722 hic
349 2662 467 2739 gravidi
482 2662 571 2720 nodis
586 2685 592 2734 ;
615 2662 699 2737 quod
714 2661 823 2736 cuique
838 2671 990 2738 repertum

158 2756 288 2828 rimanti,
305 2755 399 2814 telum
415 2755 459 2812 ira
473 2754 556 2812 iacit.
600 2755 700 2811 Vocat
716 2753 837 2830 agmina
852 2755 995 2832 TyrrhuS,

159 2849 361 2927 quadrifidam
377 2865 522 2923 quercum
537 2846 643 2904 cuneis
658 2855 691 2904 ut
705 2847 784 2904 torte
800 2847 915 2905 coactis

159 2942 328 3014 scindebat,
345 2949 432 3016 rapta
448 2939 567 3016 spirans
584 2938 714 2997 immane
730 2939 837 2999 securi.
1103 2951 1150 3004 510

200 3089 248 3138 492
262 3075 331 3139 ipse,
344 3090 390 3120 sua
403 3079 494 3135 sponte.
502 3084 591 3135 -494
604 3084 778 3138 commovere,
789 3075 933 3122 excitavere.
942 3101 975 3108 —
984 3072 1033 3136 496
1049 3084 1148 3138 amore,

159 3153 333 3201 desideria-
347 3149 462 3212 498-499
491 3150 553 3199 acta
583 3185 589 3199 .
622 3185 628 3199 .
661 3185 667 3198 .
697 3149 785 3213 venit,
814 3151 902 3198 adacta
931 3156 972 3206 est,
1000 3151 1148 3211 penetravit.

160 3235 291 3299 harundo,
304 3233 437 3295 spiculum,
451 3233 541 3294 sagitta
549 3261 583 3267 -
594 3245 640 3296 500
658 3233 776 3297 saucius,
795 3235 952 3280 vulneratus.
962 3261 996 3268 -
1005 3231 1052 3296 506
1069 3233 1148 3296 tone,

159 3309 382 3373 suda-obusto,
390 3301 558 3370 prae'usto.-
566 3307 612 3374 508
631 3308 754 3374 rimanti,
770 3311 948 3374 quaerenti.-
956 3321 1003 3375 510
1021 3309 1148 3374 immane,

158 3403 228 3437 satvr
