2476 3732
142 307 182 366 14
463 306 635 351 Aruernos
667 307 732 352 Lm.
757 307 814 352 vn.

142 537 234 613 idque
250 537 346 610 sedet,
364 537 523 613 Faunique
538 547 680 613 premunt
695 547 725 596 te
742 537 825 596 iussa
840 538 984 614 parentis,

142 650 263 689 omnem
279 631 421 706 equidem
437 629 565 706 sceptris
581 638 700 703 terram,
718 650 796 706 quae
812 630 907 688 libera
923 631 1034 690 nostris

142 723 279 795 dissidet,
296 711 451 781 externam
467 741 535 780 reor
549 733 579 781 et
595 723 638 781 sic
654 723 754 781 dicere
771 724 866 782 divos

72 817 74 822 ’
141 826 172 875 et
187 818 300 889 Turno,
318 816 344 874 si
359 816 455 891 prima
471 815 579 873 domus
596 824 749 891 repetatur
765 816 857 892 orig0,

142 910 276 967 Inachus
292 909 490 984 Acrisiusque
506 918 607 985 patres
623 909 803 985 mediaeque
821 911 979 986 Mycenae.

184 1002 244 1060 His
260 1002 312 1060 ubi
328 1002 514 1077 nequiquam
530 1002 620 1059 dictis
636 1011 760 1077 experta
776 1001 918 1059 Latinum

141 1105 247 1154 contra
263 1105 343 1153 stare
359 1095 450 1167 videt,
467 1095 651 1171 penitusque
667 1095 697 1151 in
713 1095 830 1152 viscera
846 1095 965 1170 lapsum

142 1189 292 1264 serpentis
306 1188 414 1245 furiale
431 1188 552 1260 malum,
569 1197 726 1262 totamque
742 1197 885 1263 pererrat,

141 1291 205 1339 turn
220 1300 292 1339 vero
308 1281 421 1352 infelix,
439 1281 614 1356 ingentibus
630 1280 729 1338 excita
743 1280 896 1353 monstriS,

142 1374 323 1434 immensam
339 1373 404 1430 sine
420 1392 502 1430 more
517 1372 590 1430 iurit
605 1372 761 1450 lymphata
775 1392 830 1448 per
845 1375 962 1431 urbem:

142 1485 198 1524 ceu
214 1467 368 1541 quondam
384 1475 464 1523 torto
479 1465 610 1524 volitans
627 1467 683 1523 sub
699 1467 823 1523 verbere
839 1466 937 1537 turb0‚

142 1577 232 1634 quem
247 1558 332 1634 pueri
348 1577 459 1634 magno
475 1558 506 1614 in
521 1577 594 1635 gyro
609 1577 706 1615 vacua
722 1558 798 1615 atria
813 1557 926 1615 circum

141 1651 250 1710 intenti
266 1651 338 1708 ludo
354 1660 509 1722 exercent,
532 1650 581 1708 ille
598 1661 684 1708 actus
699 1651 821 1708 habena

141 1744 272 1802 curvatis
287 1744 383 1800 fertur
398 1743 519 1818 spatiis;
542 1753 645 1819 stupet
660 1743 757 1801 inscia
772 1763 864 1819 supra

141 1837 342 1912 impubesque
358 1856 475 1908 manus,
493 1836 601 1893 mirata
615 1836 748 1894 volubile
764 1837 890 1909 buxum;

140 1930 215 1987 dant
230 1929 348 1986 animos
364 1930 480 2005 plagae.
527 1931 597 1986 Non
614 1948 703 1986 cursu
719 1929 841 2004 segnior
856 1929 908 1988 illo

139 2041 194 2098 per
208 2022 324 2079 medias
341 2023 431 2081 urbes
448 2022 546 2097 agitur
561 2022 753 2098 populosque
768 2021 888 2081 ferocis,

140 2115 213 2190 quin
229 2114 320 2172 etiam
336 2115 366 2172 in
383 2114 484 2187 silvas,
502 2114 643 2172 simulato
659 2114 783 2171 numine
800 2116 920 2188 Bacchi,

139 2207 236 2265 maius
253 2208 359 2265 adorta
375 2208 462 2265 nefas
478 2207 683 2282 maioremque
700 2226 769 2264 orsa
784 2207 924 2280 furorem,

139 2300 248 2373 evolat,
265 2309 295 2358 et
310 2310 413 2357 natam
428 2299 583 2357 frondosis
599 2299 754 2358 montibus
771 2300 864 2372 abdit,

139 2412 199 2467 quo
214 2392 382 2450 thalamum
398 2391 505 2468 eripiat
521 2392 647 2450 Teucris
663 2392 832 2468 taedasque
848 2403 988 2465 moretur,

138 2485 236 2542 euhoe
253 2484 381 2556 Bacche,
397 2484 539 2556 fremens,
556 2484 654 2542 solum
670 2493 700 2542 te
715 2484 831 2560 virgine
847 2486 972 2562 dignum

137 2577 323 2635 vociferans:
346 2576 458 2635 etenim
474 2577 573 2634 mollis
589 2577 644 2635 tibi
660 2596 778 2635 sumere
795 2578 924 2655 thyrsos,

137 2678 168 2727 te
183 2669 310 2727 lustrare
326 2670 428 2741 show,
446 2688 564 2727 sacrum
580 2669 636 2727 tibi
651 2689 777 2744 pascere
793 2669 914 2729 crinem.

137 2762 219 2819 fama
234 2761 325 2834 volat,
342 2761 490 2836 furiisque
506 2781 652 2820 accensas
670 2771 794 2838 pectore
810 2773 922 2821 matres

137 2853 218 2912 idem
234 2853 333 2912 omnis
349 2853 438 2912 simul
454 2855 544 2912 ardor
559 2854 629 2930 agit,
647 2874 727 2912 nova
743 2874 888 2930 quaerere
904 2866 985 2914 tecta

138 2947 298 3005 deseruere
314 2947 431 3019 domos,
447 2946 547 3004 ventis
563 2947 637 3005 dant
653 2946 731 3004 colla
747 2966 925 3023 comasque;

137 3048 185 3096 ast
200 3038 277 3097 aliae
293 3039 429 3097 tremulis
445 3038 610 3096 ululatibus
627 3040 751 3097 aethera
767 3040 929 3115 complent,
1082 3058 1135 3110 395
1224 3121 1225 3168 q

182 3206 229 3270 368
248 3207 333 3271 sedet,
346 3214 401 3255 stat.
410 3235 444 3243 —
452 3221 499 3270 374
518 3208 704 3270 contrastare,
719 3209 836 3255 resistere.
849 3236 883 3244 -
896 3221 941 3271 377
957 3208 1133 3276 immensam,

137 3295 398 3347 magnam-more,
420 3283 747 3346 exempla—lymphata,
769 3284 883 3346 furiosa.
896 3312 931 3320 -
943 3283 990 3348 380
1014 3285 1133 3353 habena,
1224 3285 1225 3288 ¹

137 3357 347 3422 flagella—388
365 3358 530 3423 thalamum,
547 3364 715 3419 qoonsam.—
721 3371 767 3421 391
789 3371 907 3426 pascere,
926 3361 1075 3424 drffimdere.
