2476 3732
429 316 602 361 AENEIDOS
631 318 695 364 LIB.
722 319 780 365 v11.

151 461 221 518 Hos
237 476 328 534 super
343 457 467 516 advenit
482 456 598 515 Volsca
612 457 651 516 de
665 468 757 535 gente
774 459 910 533 Camilla,

107 571 218 630 agmen
233 570 328 628 agens
344 549 480 627 equitum
496 559 527 608 et
541 549 678 610 florentis
694 570 763 610 aere
779 562 926 626 catervas

106 644 256 718 bellatrix,
272 663 335 702 non
350 643 402 700 illa
417 641 485 700 colo
501 642 668 701 calathisve
686 644 843 705 Minervae
1051 647 1100 714 805

106 738 257 797 femineas
273 737 402 794 adsueta
417 754 534 808 manuS,
552 736 608 794 sed
623 737 739 812 proelia
754 738 838 816 virgo

108 833 184 891 dura
198 831 263 909 pati
279 848 430 906 cursuque
445 829 558 904 pedum
574 840 765 904 praevertere
780 844 898 893 ventos.

108 925 160 982 illa
174 925 221 983 vel
238 923 371 982 intactae
387 921 499 998 segetis
515 941 569 998 per
585 941 704 981 summa
719 925 835 984 volaret

107 1017 253 1096 gramina,
270 1036 328 1088 nec
342 1025 463 1074 teneras
479 1034 569 1073 cursu
584 1015 726 1075 laesisset
741 1017 851 1078 aristas
864 1043 871 1092 ;

107 1111 155 1170 vel
170 1129 253 1168 mare
267 1129 322 1187 per
336 1108 471 1167 medium
486 1109 581 1166 fluctu
597 1129 748 1186 suspensa
762 1112 892 1171 tumenti
1050 1111 1100 1162 810

107 1205 200 1262 ferret
215 1202 280 1276 iter,
297 1201 404 1261 celeris
420 1221 477 1261 nec
492 1202 644 1279 tingueret
660 1223 792 1280 aequore
806 1205 938 1280 plantas.

108 1295 191 1355 illam
206 1297 305 1355 omnis
321 1296 410 1355 tectis
426 1297 568 1373 agrisque
584 1297 682 1356 effusa
700 1297 841 1357 iuventus

108 1391 258 1466 turbaque
274 1391 399 1449 miratur
413 1401 542 1450 matrum
558 1400 588 1450 et
603 1400 780 1468 prospectat
795 1401 927 1462 euntem⁹

109 1484 246 1543 attonitis
262 1484 383 1543 inhians
399 1483 517 1556 animis,
534 1494 567 1543 ut
581 1485 683 1561 regius
698 1494 781 1543 ostro

108 1578 189 1635 velet
203 1577 302 1635 honos
318 1577 393 1635 levis
409 1595 538 1650 umeros,
556 1587 590 1636 ut
604 1578 698 1636 fibula
714 1577 828 1636 crinem
1051 1576 1107 1648 815,

110 1689 183 1729 auro
198 1668 390 1743 internectat,
408 1669 533 1747 Lyciam
548 1679 582 1729 ut
595 1680 682 1747 gerat
697 1670 764 1747 ipsa
779 1670 952 1746 pharetram

109 1772 140 1821 et
154 1762 339 1838 pastoralem
354 1763 488 1838 praefixa
503 1762 630 1838 cuspide
646 1772 784 1840 myrtum.

150 1945 199 2006 804
222 1947 356 2010 catervas,
380 1945 581 2007 turmas-807
606 1948 786 2011 praevertere,
804 1946 953 2008 praeterire,
972 1951 1099 2008 superare.

108 2020 194 2069 -811
209 2021 331 2085 plantus,
344 2023 446 2083 vestigia
461 2020 725 2086 (689).-8151evis,
733 2022 864 2083 pulchros,
877 2023 988 2070 nitentes.
