2476 3732
449 337 621 383 AENEIDOS
645 337 710 384 LIB.
729 337 786 384 v11.

120 471 199 530 filius
215 471 286 530 huic
301 472 365 530 fato
382 472 484 532 divom
500 472 663 549 prolesque
678 473 772 532 virilis

120 563 203 621 nulla
218 563 284 637 fuit,
301 564 458 640 primaque
475 564 576 624 oriens
592 575 696 641 erepta
712 565 835 624 iuventa
850 575 905 626 est.

120 657 186 715 sola
202 656 326 716 domum
341 665 372 714 et
387 665 489 715 tantas
505 659 648 716 servabat
663 658 725 715 filia
740 659 839 731 sedeS,

120 751 180 808 iam
196 759 313 807 matura
328 749 401 822 viro,
419 750 478 807 iam
494 750 593 826 plenis
609 751 722 809 nubilis
738 751 835 810 annis.

120 843 206 901 multi
222 843 304 900 illam
320 863 432 920 magno
448 863 464 901 e
481 844 569 903 Latio
584 853 711 920 totaque
726 845 872 920 petebant

120 937 272 1010 Ausonia3
295 937 372 1013 petit
388 946 459 995 ante
475 938 551 996 alios
566 938 788 1013 pulcherrimus
804 937 902 997 omnis

120 1031 251 1103 Turnus,
270 1030 334 1088 avis
350 1031 509 1107 atavisque
525 1040 644 1106 potens,
663 1050 753 1107 quem
769 1030 851 1106 regia
866 1030 998 1088 coniunx

120 1122 245 1199 adiungi
260 1143 406 1200 generum
421 1124 497 1184 miro
512 1125 697 1200 properabat
713 1142 827 1196 amore;

121 1215 176 1273 sed
191 1216 282 1274 variis
298 1227 440 1292 portenta
455 1217 546 1275 deum
562 1217 727 1275 terroribus
743 1216 876 1274 obstant.

120 1308 222 1366 laurus
238 1319 303 1367 erat
317 1309 390 1368 tecti
405 1309 507 1368 medio
523 1310 553 1366 in
569 1308 779 1385 penetralibus
793 1307 871 1380 altis,

120 1420 207 1459 sacra
223 1421 350 1475 comam,
368 1403 541 1478 multosque
557 1412 639 1460 metu
655 1411 776 1461 servata
790 1421 844 1477 per
860 1420 966 1473 annos,

120 1513 212 1569 quam
228 1504 314 1570 pater
329 1494 493 1567 inventam,
510 1495 623 1570 primas
639 1514 708 1552 cum
724 1494 869 1552 conderet
885 1512 979 1565 arces,

120 1586 186 1662 ipse
201 1587 356 1645 ferebatur
372 1588 499 1645 Phoebo
510 1589 652 1645 'sacrasse
669 1586 805 1659 LatinuS,

121 1680 344 1755 Laurentisque
360 1681 398 1738 ab
414 1700 451 1738 ea
466 1699 578 1738 nomen
593 1679 734 1756 posuisse
749 1678 876 1737 colonis,

119 1770 209 1829 huius
225 1791 299 1848 apes
314 1792 465 1831 summum
482 1773 649 1831 densae-
660 1770 796 1830 mirabile
812 1771 895 1829 dictu
905 1807 947 1814 -

119 1864 249 1922 stridore
264 1865 381 1941 ingenti
397 1865 545 1941 liquidum
561 1875 644 1923 trans
660 1865 784 1923 aethera
799 1873 913 1936 vectae,

119 1957 268 2015 obsedere
285 1958 411 2033 apicem,
428 1968 467 2031 et,
484 1958 615 2034 pedibus
630 1978 684 2034 per
699 1967 804 2015 mutua
819 1956 914 2028 nexis,

118 2069 246 2108 examen
263 2051 397 2109 subitum
412 2070 495 2108 ramo
511 2051 674 2109 frondente
690 2049 845 2134 pependit.

117 2142 264 2200 continuo
279 2152 374 2215 vates,
393 2145 557 2201 Externum
573 2143 734 2214 cernimus,
751 2142 858 2216 inquit,

118 2235 284 2293 adventare
299 2235 404 2308 virum,
422 2245 452 2293 et
467 2235 562 2311 partis
578 2244 682 2310 petere
698 2253 807 2310 agmen
823 2235 947 2292 easdem

116 2327 255 2402 partibus
271 2347 308 2385 ex
323 2327 429 2400 isdem,
447 2337 478 2385 et
493 2346 611 2385 summa
626 2326 809 2384 dominarier
824 2346 901 2385 arce.

116 2429 283 2494 praeterea,
291 2420 393 2478 castis
410 2419 513 2478 adolet
529 2419 601 2477 dum
617 2419 724 2477 altaria
739 2419 847 2492 taedis

116 2520 147 2569 et
162 2511 245 2570 iuxta
259 2513 428 2589 genitorem
444 2512 546 2570 adstat
562 2512 689 2571 Lavinia
704 2513 797 2588 virg0,

115 2604 190 2677 visa,
207 2605 304 2678 nefas,
322 2606 420 2681 longis
437 2605 655 2681 comprendere
671 2605 805 2664 crinibus
823 2605 932 2682 ignem,

116 2706 190 2772 atqu
225 2717 346 2755 omnem
362 2707 501 2756 ornatum
517 2699 639 2756 flamma
654 2699 822 2773 crepitante
838 2697 973 2770 cremari,

115 2717 433 2938 r‘eg‘Viisque’accensa
449 2808 561 2864 comas,
579 2808 710 2849 accensa
725 2809 878 2862 coronam,

51 2949 55 2954 Ι
115 2881 162 2939 ins
174 2902 266 2958 gnem
280 2884 422 2959 gemmis,
444 2893 509 2941 tum
524 2883 640 2941 fumida
656 2883 768 2941 lumine
783 2883 867 2940 fulvo

115 2973 236 3048 involvi,
254 2995 290 3034 ac
305 2976 378 3035 totis
393 2977 565 3034 Volcanum
581 2996 724 3053 spargere
740 2976 838 3034 tectis

114 3067 146 3125 id
160 3087 232 3126 vero
248 3069 433 3128 horrendum
449 3089 484 3128 ac
499 3069 567 3127 visu
583 3069 720 3127 mirabile
736 3068 820 3126 ferri:

114 3179 246 3236 namque
261 3162 327 3220 fore
343 3161 500 3220 inlustrem
515 3162 597 3219 fama
611 3162 745 3237 fatisque
761 3162 913 3219 canebant

159 3296 186 3348 51
207 3284 305 3349 oriens,
318 3301 433 3333 crescens.
442 3314 475 3320 -
485 3298 513 3349 52
533 3286 599 3348 sola,
618 3286 701 3332 unica.
710 3312 743 3320 -
752 3297 780 3349 57
800 3285 970 3348 properabat,
989 3284 1106 3332 studebat.

112 3371 212 3425 amore,
231 3361 319 3408 studio.
329 3361 403 3409 —60
422 3374 534 3425 comam,
551 3362 628 3424 solia.
638 3362 764 3425 —metu,
784 3362 908 3422 relrgione.
918 3389 952 3396 —
961 3374 988 3421 71
1010 3360 1106 3426 castis,

111 3437 275 3500 sacris-77
295 3437 453 3503 Volcanum,
466 3437 635 3500 gnem—78
654 3435 729 3502 ferri,
742 3438 834 3500 efferri.
