2476 3732
440 289 614 334 AENEIDOS
643 289 708 333 LIB.
735 288 793 334 v11.

119 446 177 484 nec
192 427 282 503 clipei
298 446 441 486 currusve
457 436 569 486 sonant
583 451 589 500 ;
612 446 683 503 pars
699 426 830 484 maxima
844 425 972 502 glandes

118 519 239 578 liventis
254 519 372 596 plumbi
387 520 502 597 spargit
516 544 522 593 3
546 539 617 595 pars
633 519 750 595 spicula
764 528 865 595 gestat

117 611 190 671 bina
206 632 298 669 manu
312 637 318 685 ;
341 612 503 688 fulvosque
520 611 583 688 lupi
599 613 637 671 de
652 612 731 689 pelle
746 612 866 688 galeros

117 714 240 781 tegmen
255 706 371 764 habent
386 705 479 781 capiti
494 729 500 778 ;
524 704 653 783 vestigia
668 705 750 762 nuda
766 703 880 762 sinistri

117 797 276 856 instituere
291 798 379 873 pedis
393 822 399 871 ;
423 798 535 856 crudus
550 797 626 875 tegit
642 797 737 856 altera
751 817 834 874 per0.
1062 795 1112 860 690

159 893 200 948 At
217 892 390 967 Messapus,
407 910 520 966 equum
536 890 676 963 domitor,
694 889 850 966 Neptunia
864 890 974 965 proles,

117 1001 208 1058 quem
224 1002 323 1058 neque
339 983 386 1042 fas
402 983 465 1060 igni
480 983 623 1060 cuiquam
639 1002 697 1041 nec
711 992 846 1041 sternere
861 983 950 1053 ferro,

117 1075 176 1132 iarn
192 1075 310 1151 pridem
325 1075 442 1134 resides
457 1076 589 1152 populos
604 1075 793 1150 desuetaque
808 1074 889 1132 bello

116 1168 238 1244 agmina
254 1166 285 1225 in
300 1187 384 1226 arma
398 1178 489 1227 vocat
504 1168 616 1241 subito,
632 1169 806 1242 ferrumque
821 1176 973 1224 retractat.

115 1259 147 1317 hi
164 1261 372 1319 Fescenninas
388 1261 469 1319 acies
485 1264 674 1336 Aequosque
691 1260 836 1332 Faliscos
1061 1257 1109 1323 695

115 1352 147 1410 hi
164 1353 297 1411 Soractis
312 1354 428 1412 habent
443 1373 529 1412 arces
545 1352 744 1428 Flaviniaque
759 1372 840 1425 arva,

116 1455 147 1504 et
162 1445 274 1504 Cimini
290 1464 358 1503 cum
374 1455 477 1505 monte
493 1445 593 1504 lacum
608 1445 755 1520 lucosque
772 1448 924 1520 Capenos

116 1538 202 1596 ibant
217 1538 340 1615 aequati
356 1557 490 1611 numero,
509 1557 672 1615 regemque
688 1540 861 1597 canebant:

116 1649 172 1689 ceu
188 1631 343 1706 quondam
359 1631 440 1690 nivei
455 1631 572 1707 liquida
587 1630 666 1688 inter
680 1631 785 1688 nubila
800 1633 887 1709 cycni

116 1742 185 1781 cum
200 1743 268 1782 sese
284 1743 301 1782 e
316 1734 407 1800 pastu
421 1725 557 1782 referunt
572 1734 603 1782 et
618 1724 710 1800 longa
724 1742 853 1782 canoros
1060 1736 1109 1784 700

116 1817 191 1875 dant
206 1835 261 1892 per
275 1816 354 1875 colla
368 1815 477 1875 modos
492 1840 499 1889 ;
522 1825 612 1874 sonat
627 1816 725 1874 amnis
741 1825 771 1874 et
787 1815 861 1874 Asia
877 1816 967 1893 longe

115 1909 204 1985 pulsa
218 1909 315 1985 palus,

116 2021 173 2060 nec
189 2001 350 2078 quisquam
367 2011 486 2061 aeratas
502 2004 584 2061 acies
599 2022 636 2061 ex
651 2002 772 2079 agmine
787 2011 874 2060 tanto

115 2094 236 2152 misceri
250 2103 345 2170 putet,
363 2094 476 2153 aeriam
491 2095 547 2153 sed
561 2095 679 2172 gurgite
695 2095 734 2153 ab
750 2095 812 2152 alto

116 2172 236 2263 urgueri
251 2187 407 2245 volucrum
422 2206 581 2245 raucarum
597 2187 637 2244 ad
652 2187 741 2245 litora
755 2187 877 2246 nubem.
1062 2199 1110 2252 705

159 2281 247 2352 Ecce,
266 2279 448 2338 Sabinorum
463 2279 564 2355 prisco
580 2280 619 2338 de
635 2279 784 2356 sanguine
799 2298 943 2356 magnum

116 2391 226 2448 agmen
243 2391 337 2448 agens
353 2372 485 2432 Clausus
497 2371 661 2448 magnique
677 2370 743 2448 ipse
759 2371 889 2449 agminis
905 2372 1009 2444 instar,

117 2464 247 2523 Claudia
263 2484 344 2523 nunc
359 2484 378 2522 a
393 2484 453 2540 quo
470 2464 651 2523 diffunditur
666 2473 696 2523 et
711 2465 808 2523 tribus
824 2474 855 2523 et
869 2484 945 2542 gens

116 2575 170 2632 per
186 2557 316 2630 Latium,
332 2568 496 2634 postquam
512 2556 543 2614 in
559 2567 677 2632 partem
693 2559 766 2616 data
782 2560 881 2615 Roma
898 2557 1030 2616 Sabinis

116 2668 178 2706 una
193 2649 301 2726 ingens
316 2650 476 2708 Amiterna
491 2651 601 2708 cohors
618 2649 773 2726 priscique
789 2650 934 2724 Quirites,
1063 2663 1112 2711 710

118 2741 201 2799 Ereti
216 2761 325 2801 manus
341 2742 441 2801 omnis
457 2741 674 2818 oliviferaeque
691 2744 854 2802 Mutuscae
869 2767 875 2815 ;

118 2833 170 2908 qui
186 2836 373 2892 Nomentum
389 2835 504 2908 urbem,
521 2835 573 2910 qui
590 2837 694 2894 Rosea
709 2854 779 2893 rura
794 2835 905 2909 Velini,

118 2926 171 3002 qui
187 2926 327 2984 Tetricae
343 2926 495 2986 horrentis
511 2947 602 3003 rupes
618 2937 815 3004 montemque
834 2930 978 2988 Severum

119 3018 358 3095 Casperiamque
375 3019 479 3077 colunt
496 3020 684 3096 Forulosque
700 3030 731 3079 et
746 3021 859 3079 flumen
877 3021 1030 3080 Himellae
1044 3047 1051 3094 ;

119 3110 170 3187 qui
186 3110 322 3169 Tiberim
338 3111 541 3187 Fabarimque
556 3112 675 3185 bibunt,
693 3132 771 3188 quos
788 3113 899 3189 frigida
914 3113 996 3172 misit
1065 3127 1113 3180 715

160 3242 206 3304 687
230 3244 347 3309 spargit,
367 3246 586 3309 iacit—gestat,
601 3245 771 3307 geria—688
790 3246 905 3312 galeros,
919 3247 1114 3311 pilleus-693

118 3319 231 3384 resides,
245 3319 441 3382 inerma—696
459 3333 543 3384 arces,
559 3319 760 3383 mantea-699
778 3321 924 3388 quondam,
937 3323 1115 3370 interdum.-

120 3410 169 3459 704
186 3395 447 3463 misceri,conoem're.
