2476 3732
409 627 438 678 P.
458 627 610 676 VERGILI
636 627 804 676 MARONIS

304 806 899 887 AENEIDOS

393 1012 536 1074 LIBER
570 1011 817 1076 SEPTIMUS.
918 1034 930 1051 ⁰

530 1185 678 1200 -φ--..

107 1287 158 1344 Tu
175 1303 297 1362 quoque
312 1286 451 1347 litoribus
467 1288 588 1361 nostris
606 1288 725 1346 Aeneia
740 1288 849 1360 nutrix,

107 1386 263 1436 aeternam
278 1379 411 1439 moriens
425 1381 548 1453 famam,
566 1381 682 1454 Caieta,
700 1381 825 1454 dedisti;

106 1480 138 1530 et
153 1490 234 1529 nunc
249 1481 350 1530 servat
365 1473 464 1531 honos
480 1473 585 1531 sedern
601 1483 680 1546 tuus,
697 1493 830 1550 ossaque
845 1493 957 1533 nornen

107 1564 261 1639 Hesperia
277 1563 307 1622 in
323 1584 442 1642 magna,
460 1565 485 1624 si
502 1586 562 1642 qua
577 1576 624 1625 est
640 1586 676 1625 ea
691 1566 794 1644 gloria,
812 1566 921 1643 signat.

106 1665 137 1714 at
152 1655 221 1732 pius
237 1657 391 1734 exsequiis
407 1660 530 1718 Aeneas
545 1659 601 1718 rite
618 1659 734 1732 solutiS,

106 1767 216 1825 aggere
232 1749 402 1826 composito
418 1751 534 1824 tumuli,
551 1761 714 1829 postquam
730 1752 792 1810 alta
807 1752 949 1828 quierunt

105 1861 248 1918 aequora,
265 1843 364 1902 tendit
379 1843 436 1902 iter
450 1844 535 1917 velis
552 1854 734 1920 portumque
750 1845 902 1921 relinquit.

60 1933 63 1938 ’
105 1934 264 2010 adspirant
280 1954 370 1995 aurae
386 1936 417 1993 in
433 1947 563 2010 noctem,
580 1956 638 1995 nec
653 1937 785 1995 candida
800 1956 907 1997 cursus

104 2029 193 2085 Luna
209 2037 308 2104 negat,
326 2028 468 2104 splendet
483 2029 611 2088 tremulo
628 2031 684 2088 sub
700 2030 814 2087 lumine
829 2021 951 2106 pontus,

103 2119 242 2195 proxima
258 2120 403 2180 Circaeae
418 2123 565 2180 raduntur
581 2122 668 2181 litora
684 2131 790 2194 terrae,

103 2213 190 2271 dives
206 2213 381 2273 inaccessos
397 2213 450 2272 ubi
468 2214 546 2273 Solis
562 2215 624 2272 filia
639 2214 724 2273 lucos

103 2305 234 2365 adsiduo
249 2316 373 2365 resonat
388 2315 492 2379 cantu,
502 2307 652 2382 tectisque
669 2307 808 2382 superbis

103 2397 163 2456 urit
178 2399 336 2458 odoratam
351 2409 501 2458 nocturna
516 2399 547 2456 in
564 2399 678 2457 lumina
693 2400 826 2474 cedrum,

103 2500 210 2567 arguto
225 2492 325 2550 tenuis
341 2511 521 2568 percurrens
537 2491 659 2568 pectine
677 2493 764 2552 telas.

102 2583 175 2640 hinc
190 2584 325 2642 exaudiri
340 2583 471 2660 gemitus
487 2583 611 2661 iraeque
632 2585 763 2658 leonum,

102 2675 202 2733 vincla
217 2684 412 2734 recusantum
428 2686 458 2734 et
474 2696 542 2736 sera
558 2680 615 2736 sub
631 2688 721 2737 nocte
737 2680 909 2754 rudentum,

12 2797 15 2802 ·
102 2767 305 2844 saetigerique
321 2788 392 2827 sues
407 2778 500 2845 atque
516 2769 545 2827 in
562 2771 782 2846 praesaepibus
797 2772 860 2831 ursi

102 2860 227 2934 saevire,
245 2879 281 2918 ac
295 2862 411 2920 formae
427 2880 605 2938 magnorum
621 2863 736 2922 ululare
753 2864 902 2940 luporum,

103 2972 180 3028 quos
195 2953 352 3011 hominurn
368 2974 406 3011 ex
420 2954 499 3013 facie
514 2955 573 3014 dea
588 2975 681 3014 saeva
695 2956 873 3032 potentibus
889 2957 992 3016 herbis

102 3044 243 3104 induerat
259 3045 347 3105 Circe
363 3046 394 3105 in
409 3047 510 3106 voltus
526 3067 562 3106 ac
577 3057 663 3125 terga
677 3049 818 3109 ferarum.
1066 3067 1097 3102 20

146 3228 161 3278 3
190 3215 289 3280 sedem,
316 3215 484 3276 sepulchrum.
497 3229 571 3264 -10
600 3217 739 3281 raduntur,
766 3217 891 3278 leguntur,
922 3218 973 3266 ΙΙΙ.
996 3233 1097 3282 292.—

104 3303 129 3337 11
156 3290 314 3356 inaccessos,
339 3292 498 3352 periculosos.
511 3320 545 3327 -
559 3305 586 3338 12
614 3292 736 3356 adsiduo,
758 3299 884 3354 perpetuo.
897 3322 931 3330 -
945 3294 974 3344 16
1002 3297 1097 3346 ruden-

100 3368 170 3432 tum,
186 3367 353 3431 frementum.
363 3394 397 3404 -
408 3379 435 3429 17
455 3367 655 3434 praesaepibus,
674 3369 866 3418 stabulis—20
883 3372 968 3438 terga,
981 3378 1094 3434 corpora.
