2476 3732
408 324 581 369 AENEIDOS
614 326 678 371 LIB.
703 326 761 371 VII.

88 463 185 524 disice
200 462 402 540 compositam
417 482 534 540 pacem,
551 482 617 522 sere
633 463 759 522 crimina
774 463 859 538 belli;

89 577 173 615 arma
188 557 261 615 velit
275 566 444 632 poscatque
460 556 550 615 simul
566 556 724 633 rapiatque
741 558 891 618 iuventus

132 650 209 709 Exin
224 648 396 726 Gorgoneis
412 649 522 708 Alecto
538 649 652 708 inlecta
666 651 793 710 venenis

88 742 239 819 principio
255 742 376 801 Latium
392 751 423 799 et
439 742 600 801 Laurentis
616 751 697 802 tecta
712 744 833 822 tyranni

88 837 172 895 celsa
187 835 271 912 petit,
287 835 475 911 tacitumque
491 835 612 895 obsedit
628 835 720 894 limen
736 839 874 909 Amatae,

19 967 22 974 ,
89 948 182 1006 quam
198 947 289 1004 super
304 928 438 986 adventu
454 930 606 987 Teucrum
621 929 778 1004 Turnique
794 929 971 1006 hymenaeis

87 1021 240 1080 femineae
256 1020 413 1079 ardentem
428 1040 580 1098 curaeque
596 1021 719 1098 iraeque
735 1023 918 1098 coquebant.

88 1114 161 1172 huic
176 1114 235 1172 dea
249 1113 396 1172 caeruleis
412 1129 506 1171 unum
522 1115 560 1173 de
576 1113 711 1174 crinibus
727 1134 856 1191 anguem

88 1205 202 1266 conicit
217 1205 310 1282 inque
326 1205 426 1264 sinum
441 1207 620 1282 praecordia
635 1207 675 1265 ad
690 1207 797 1265 intima
812 1207 925 1280 subdit,

88 1319 151 1375 quo
165 1299 331 1357 furibunda
346 1298 470 1356 domum
485 1309 622 1357 monstro
637 1299 820 1375 permisceat
835 1318 965 1360 omnem.

88 1392 148 1465 ille,
166 1391 245 1450 inter
259 1399 361 1450 vestes
377 1401 407 1449 et
423 1391 501 1449 levia
516 1401 641 1468 pectora
656 1392 770 1468 lapsuS,

88 1484 220 1543 volvitur
235 1493 352 1542 attactu
366 1484 459 1556 nullo
475 1483 615 1560 fallitque
630 1485 791 1558 furentem,

85 1577 242 1654 vipeream
257 1575 410 1652 inspirans
427 1575 572 1649 animam;
594 1578 628 1635 fit
642 1577 743 1636 tortile
759 1578 838 1636 collo
892 1636 895 1643 ,

86 1689 194 1728 aurum
210 1669 318 1746 ingens
333 1668 466 1742 coluber,
482 1670 516 1727 fit
531 1669 641 1746 longae
656 1670 759 1728 taenia
773 1671 876 1744 vittae,

85 1762 276 1838 innectitque
292 1781 405 1835 comaS,
421 1771 453 1820 et
467 1762 610 1821 membris
626 1762 760 1821 lubricus
775 1773 863 1823 errat.

86 1874 123 1914 ac
139 1855 211 1913 dum
226 1854 323 1931 prima
338 1855 403 1912 lues
419 1855 481 1913 udo
496 1854 643 1931 sublapsa
657 1874 777 1914 veneno
818 1933 823 1939 .

84 1956 271 2024 pertemptat
286 1967 395 2006 sensus
411 1957 503 2023 atque
519 1947 641 2007 ossibus
657 1947 793 2024 implicat
808 1949 918 2024 ignem,

84 2040 217 2099 necdum
233 2039 352 2098 animus
367 2049 434 2098 toto
449 2040 585 2116 percepit
600 2050 725 2116 pectore
740 2042 902 2114 flammam,

83 2132 216 2205 mollius,
233 2142 264 2190 et
279 2132 369 2191 solito
384 2142 514 2190 matrum
529 2133 568 2191 de
583 2151 683 2206 more,
693 2133 795 2192 locuta
810 2143 865 2207 est,

84 2225 181 2284 multa
196 2245 288 2301 super
302 2235 375 2283 nata
390 2225 551 2284 lacrimans
569 2225 769 2303 Phrygiisque
784 2213 975 2304 hymenaeis:

85 2317 283 2377 exsulibusne
299 2317 388 2375 datur
403 2317 545 2375 ducenda
561 2317 689 2375 Lavinia
704 2318 839 2391 Teucris

85 2431 104 2470 ο
119 2410 258 2486 genitor?
275 2419 377 2469 necte
393 2409 515 2468 miseret
529 2419 703 2487 gnataeque
718 2411 844 2487 tuique?

85 2521 144 2561 nec
158 2502 263 2561 matris
278 2502 409 2576 miseret,
427 2502 631 2579 quamprimo
647 2503 789 2579 aquilone
805 2505 955 2580 relinquet

85 2596 228 2672 perfidus,
246 2595 307 2654 alta
322 2605 431 2672 petens
447 2595 580 2654 abducta
595 2595 720 2672 virgine,
736 2597 871 2672 praedo?

86 2697 117 2746 at
133 2707 194 2746 non
210 2688 255 2746 sic
270 2687 419 2765 Phrygius
435 2697 575 2764 penetrat
590 2675 825 2747 Lacedaemona
840 2700 945 2766 pastor

87 2781 302 2857 Ledaeamque
319 2780 473 2839 Helenam
489 2781 638 2840 Troianas
654 2781 736 2840 vexit
751 2782 791 2840 ad
806 2784 917 2842 urbes?

86 2872 161 2949 quid
176 2882 228 2931 tua
244 2883 351 2932 sancta
365 2873 463 2933 fides?
486 2873 560 2949 quid
576 2893 648 2932 cura
663 2874 790 2950 antiqua
804 2885 924 2933 tuorum
995 2957 997 2961 Ι
1030 2876 1077 2940 365

86 2975 116 3024 et
131 2965 361 3041 consanguineo
376 2965 489 3025 totiens
506 2966 578 3025 data
594 2966 718 3025 dextera
733 2969 858 3027 Turno?

85 3058 112 3117 si
126 3077 221 3135 gener
236 3067 361 3116 externa
375 3057 489 3134 petitur
503 3059 541 3117 de
556 3068 648 3136 gente
664 3059 790 3132 Latinis,

131 3240 179 3291 339
189 3227 281 3292 disice,
291 3233 387 3289 rumpe.
395 3255 429 3264 —
436 3225 559 3292 crimina,
570 3243 664 3275 causas.
672 3255 707 3264 -·
714 3241 759 3292 341
771 3227 843 3292 exin,
853 3229 981 3290 extemplo.
989 3257 1023 3264 -
1030 3243 1077 3293 34²

86 3301 228 3368 principio,
232 3304 367 3364 prima-
373 3314 420 3367 345
429 3305 588 3368 coquebant,
597 3304 840 3366 inflammabant-
845 3315 876 3368 35
880 3305 1078 3371 5pertemptat,

86 3378 198 3428 subin-
206 3393 221 3442 3
225 3377 256 3444 56
267 3379 396 3445 percepit,
409 3380 522 3441 concepit.
531 3407 566 3416 -
573 3378 618 3444 361
633 3378 769 3445 aquilone,
782 3385 861 3430 vento.
