2476 3732
411 316 584 362 AENEIDOS
616 317 681 364 LIB.
706 317 764 363 VII.

92 465 122 514 at
138 473 230 514 saeva
245 473 262 513 e
279 454 411 530 speculis
427 463 547 531 tempus
564 455 728 513 deanacta
743 453 875 512 nocendi

92 549 186 607 ardua
202 557 284 606 tecta
298 547 375 623 petit
391 547 512 619 stabuli,
529 557 559 605 et
575 547 613 605 de
630 546 761 604 culmine
778 565 896 604 summo

91 641 243 717 pastorale
260 640 342 698 canit
358 640 487 717 signum,
504 659 660 715 cornuque
676 656 802 698 recurvo

92 735 270 792 Tartaream
285 733 416 791 intendit
431 751 547 805 vocem,
565 752 626 808 qua
640 732 781 809 protinus
797 750 887 790 omne

92 825 274 884 contremuit
290 845 397 883 nemus
412 835 442 883 et
458 825 552 883 silvae
568 825 731 883 insonuere
747 825 918 901 profundae
932 848 939 897 ;
1038 865 1051 888 ,

92 918 187 977 audiit
203 928 233 976 et
249 917 369 976 Triviae
385 918 475 994 longe
491 918 594 991 lacus3
619 918 715 976 audiit
731 917 828 976 amnis

92 1011 226 1069 sulfurea
242 1013 305 1069 Nar
321 1010 408 1069 albus
425 1030 505 1086 aqua
518 1011 683 1086 fontesque
698 1010 809 1083 Velini,

92 1090 128 1161 et*
136 1103 274 1179 trepidae
290 1113 401 1178 matres
417 1122 556 1179 pressere
573 1104 612 1162 ad
627 1113 752 1179 pectora
768 1113 866 1161 natos

92 1207 155 1255 turn
170 1215 242 1254 vero
258 1196 297 1254 ad
312 1215 419 1254 vocem
435 1197 558 1269 celereS,
575 1216 636 1272 qua
650 1195 763 1254 bucina
781 1195 901 1271 signum

92 1289 157 1346 dira
172 1288 265 1361 dedit,
283 1289 377 1365 raptis
394 1299 578 1347 concurrunt
593 1289 729 1364 undique
745 1288 814 1346 telis

92 1380 232 1440 indomiti
248 1381 398 1458 agricolae
412 1405 419 1453 ;
442 1401 577 1439 necnon
594 1391 623 1439 et
639 1381 731 1439 Troia
745 1382 844 1457 pubes

92 1461 227 1532 Ascanio
243 1474 387 1531 auxilium
403 1473 510 1532 castris
526 1474 657 1532 effundit
673 1474 795 1550 apertis

91 1566 226 1624 direxere
242 1566 333 1624 acies.
379 1568 450 1624 Non
466 1565 526 1624 iam
542 1567 707 1628 certamine
723 1567 844 1643 agresti,

90 1659 246 1735 stipitibus
263 1660 346 1718 duris
363 1659 461 1736 agitur
477 1659 642 1717 sudibusve
658 1645 818 1737 praeustis

90 1753 146 1810 sed
159 1752 240 1810 ferro
256 1751 381 1828 ancipiti
397 1752 574 1824 decernunt,
592 1761 718 1827 atraque
734 1752 794 1810 late

89 1844 238 1902 horrescit
253 1844 365 1903 strictis
382 1864 470 1920 seges
486 1844 620 1917 ensibus,
638 1864 769 1920 aeraque
784 1845 902 1920 fulgent

89 1937 154 1995 sole
170 1937 321 2009 lacessita,
339 1946 369 1995 et
385 1937 483 1994 lucem
499 1937 556 1995 sub
572 1937 677 1996 nubila
693 1937 827 1995 iactant:

88 2029 199 2088 fluctus
215 2029 259 2088 uti
273 2029 371 2105 primo
387 2029 488 2105 coepit
504 2049 573 2087 cum
590 2029 745 2088 albescere
761 2039 862 2102 vent0,

87 2121 235 2198 paulatim
251 2140 319 2180 sese
335 2122 413 2180 tollit
428 2141 510 2180 mare
527 2131 557 2180 et
573 2122 663 2180 altius
679 2123 777 2180 undas

88 2213 184 2290 erigit,
202 2213 273 2273 inde
290 2214 350 2273 imo
366 2214 522 2291 consurgit
537 2215 577 2272 ad
593 2215 717 2272 aethera
732 2215 837 2273 fundo

87 2306 138 2365 hic
153 2306 271 2365 iuvenis
287 2307 415 2383 primam
431 2316 502 2364 ante
518 2306 614 2364 aciem
630 2307 778 2365 stridente
798 2307 918 2383 sagitta,

87 2408 228 2457 natorum
242 2399 352 2478 Tyrrhi
368 2401 467 2457 fuerat
483 2399 535 2474 qui
548 2399 708 2472 tnaximus,
726 2400 825 2473 Almo,

86 2491 232 2550 sternitur
245 2516 251 2565 3
274 2492 373 2550 haesit
389 2491 470 2550 enim
486 2493 542 2550 sub
558 2500 679 2568 gutture
694 2493 804 2551 volnus
820 2501 850 2551 et
866 2494 944 2552 udae

85 2584 171 2642 vocis
187 2583 244 2643 iter
258 2594 443 2660 tenuemque
459 2584 582 2642 inclusit
605 2585 753 2661 sanguine
769 2585 871 2645 vitam.

86 2695 214 2752 corpora
229 2677 324 2735 multa
339 2677 436 2735 virum
452 2677 540 2749 circa,
557 2677 720 2753 seniorque
742 2679 901 2751 Galaesus,

86 2769 159 2826 dum
174 2769 243 2845 paci
259 2770 392 2828 medium
408 2789 441 2828 se
457 2770 556 2842 offert,
573 2770 758 2829 iustissimus
774 2790 853 2830 unus

85 2861 138 2936 qui
153 2861 210 2920 fuit
226 2862 435 2938 Ausoniisque
451 2862 523 2920 olim
539 2862 708 2921 ditissimus
725 2864 825 2922 arvis:

85 2954 220 3030 quinque
235 2973 343 3031 greges
360 2955 402 3011 illi
417 2955 584 3028 balantum,
601 2955 696 3031 quina
711 2956 853 3014 redibant

84 3055 230 3120 armenta,
247 3056 278 3105 et
294 3056 404 3105 terram
420 3057 542 3105 centum
558 3050 697 3106 vertebat
713 3049 829 3108 aratris.

126 3179 172 3244 518
191 3181 281 3245 natos,
299 3181 513 3245 infantae-519
533 3193 636 3246 vocem,
656 3197 796 3228 sonum.-
804 3194 851 3246 5²4
872 3181 985 3232 sudibus
1003 3196 1080 3247 prae-

82 3255 165 3326 ustis,
191 3257 301 3304 torribus
324 3257 423 3314 obustis,
444 3256 563 3320 (506).—
572 3270 617 3322 525
636 3255 706 3307 ferro
725 3257 853 3322 ancipiti,
873 3259 1023 3319 &Penna-
1032 3272 1076 3323 527

81 3331 221 3397 lacessita,
246 3340 471 3398 percursa—533
497 3334 604 3398 volnus,
632 3335 729 3396 sagitta.
738 3346 820 3398 —534
850 3334 974 3400 inclusit,
1002 3337 1077 3383 inter-

80 3408 164 3456 clusit.
172 3435 206 3444 -
217 3405 264 3473 536
276 3407 406 3474 medium,
420 3409 608 3470 deprecatorem.
618 3437 652 3446 -
661 3408 707 3474 538
720 3410 872 3476 balantum,
886 3411 979 3458 ovium.
