2476 3732
115 245 157 310 25
431 244 605 290 Aruernos
634 245 699 290 cra.
726 243 785 291 vn.

115 387 235 459 Nursia,
252 396 283 446 et
299 386 450 445 Hortinae
466 386 581 444 classes
596 386 763 462 populique
780 385 883 444 Latini
896 409 903 458 3

114 498 252 555 quosque
269 498 378 537 secans
394 478 560 536 infaustum
576 479 710 537 interluit
726 478 807 536 Allia
822 498 934 536 nomen
948 500 955 536 r

113 591 205 647 quam
221 571 307 629 multi
323 571 438 648 Libyco
453 570 616 629 volvuntur
631 589 779 629 marmore
794 572 913 644 fluctus,

113 684 223 723 saevus
239 663 291 722 ubi
307 663 402 722 Orion
418 663 554 722 hibernis
570 664 711 722 conditur
726 664 817 722 undis
831 688 838 736 3

113 757 161 815 vel
176 776 245 815 cum
260 757 324 815 sole
340 775 420 814 novo
437 756 551 815 densae
566 765 719 815 torrentur
733 757 853 829 aristae,

113 859 165 908 aut
182 849 290 907 Hermi
305 868 421 925 campo,
439 857 491 906 aut
507 849 618 927 Lyciae
634 849 818 908 flaventibus
834 849 923 908 arvis,

113 952 199 1001 scuta
215 951 334 1015 sonant,
351 942 503 1018 pulsuque
518 942 632 1017 pedum
647 942 812 1000 conterrita
826 941 926 1000 tellus.

155 1035 239 1093 Hinc
255 1033 525 1111 Agamemnonius,
543 1034 668 1092 Troiani
683 1034 814 1093 nominis
830 1034 937 1106 hostiS,

113 1147 200 1186 curru
216 1127 312 1205 iungit
329 1128 484 1185 Halaesus
500 1146 605 1202 equoS,
623 1128 788 1202 Turnoque
803 1126 915 1184 ferocis

113 1221 193 1278 mille
209 1219 287 1296 rapit
302 1221 441 1296 populos,
458 1228 579 1277 vertunt
593 1219 695 1277 felicia
712 1220 832 1278 Baccho

114 1313 249 1370 Massica
265 1311 317 1388 qui
332 1311 446 1384 rastris,
464 1321 494 1370 et
510 1331 587 1387 quos
603 1311 641 1370 de
657 1312 786 1370 collibus
803 1312 872 1370 altis

114 1404 249 1463 Aurunci
265 1405 373 1462 misere
389 1413 491 1480 patres
509 1404 705 1487 Sidicinaque
722 1403 805 1462 iuxta

113 1515 255 1571 aequora,
272 1495 385 1572 quique
402 1496 494 1554 Cales
509 1496 659 1571 linquunt,
677 1497 837 1572 amnisque
852 1496 960 1555 vadosi

114 1589 219 1647 accola
233 1587 384 1660 Voltumi‚
401 1586 574 1664 pariterque
592 1588 744 1647 Saticulus
760 1609 850 1665 asper

114 1682 325 1756 Oscorumque
340 1699 458 1738 manus.
503 1683 630 1740 Teretes
646 1691 717 1740 sunt
733 1682 857 1760 aclydes
873 1682 932 1740 illis

114 1775 174 1832 tela
187 1797 194 1846 ;
218 1773 273 1831 sed
288 1773 365 1831 haec
379 1773 462 1831 lento
478 1792 544 1831 mos
560 1783 607 1832 est
622 1783 726 1850 aptare
742 1774 872 1851 flagello,

113 1867 216 1924 laevas
232 1876 334 1923 caetra
348 1865 423 1942 tegit
437 1889 443 1938 ς
466 1865 571 1923 falcati
586 1866 756 1925 cornminus
772 1886 871 1926 enses.

156 1961 222 2017 Nec
237 1968 270 2017 tu
285 1957 471 2016 carminibus
486 1957 599 2017 nostris
615 1959 748 2018 indictus
765 1959 873 2033 abibis,

115 2050 240 2123 Oebale,
258 2070 348 2126 quern
363 2069 527 2126 generasse
542 2051 640 2109 Telon
658 2051 823 2110 Sebethide
839 2053 973 2130 nympha

114 2145 216 2216 fertur,
234 2143 403 2201 Teleboum
419 2145 554 2219 Capreas
570 2162 640 2201 cum
655 2163 748 2221 regna
763 2153 889 2216 teneret,

115 2236 174 2293 iarn
190 2236 292 2294 senior
307 2259 317 2308 ·,
335 2235 442 2311 patriis
457 2236 512 2294 sed
528 2255 590 2294 non
606 2246 636 2295 et
651 2237 730 2295 lilius
747 2236 826 2295 arvis

114 2337 277 2387 contentus
293 2328 352 2386 late
368 2327 428 2385 iam
443 2337 508 2386 tum
524 2328 644 2387 dicione
658 2331 817 2406 premebat

117 2420 262 2479 Sarrastis
278 2420 409 2496 populos
425 2431 455 2479 et
471 2439 549 2496 quae
564 2420 642 2497 rigat
658 2441 791 2497 aequora
808 2424 931 2495 Sarnus

116 2511 228 2588 quique
245 2512 358 2570 Rufras
375 2512 576 2588 Batulumque
592 2521 699 2571 tenent
714 2523 806 2588 atque
823 2534 894 2572 arva
910 2514 1083 2588 Celemnae,

116 2615 146 2663 et
162 2623 239 2680 quos
255 2603 411 2662 maliferae
427 2605 608 2679 despectant
623 2606 745 2663 moenia
760 2606 897 2680 Abellae,
1058 2620 1105 2668 740

116 2696 287 2756 Teutonico
302 2695 361 2753 ritu
376 2695 457 2754 soliti
472 2704 613 2772 torquere
629 2698 744 2756 cateias
759 2722 765 2771 3

115 2789 250 2867 tegmina
266 2788 335 2867 quis
350 2788 484 2864 capitum
499 2797 603 2864 raptus
620 2790 658 2848 de
674 2791 784 2849 subere
800 2801 912 2865 cortex,

116 2894 298 2959 aerataeque
314 2881 428 2940 micant
442 2881 551 2957 peltae,
568 2882 660 2940 micat
675 2901 782 2941 aereus
798 2884 889 2944 ensis

159 2978 196 3034 Et
210 2984 241 3033 te
256 2983 415 3032 montosae
431 2973 539 3032 misere
554 2974 586 3032 in
601 2975 716 3050 proelia
732 2979 857 3050 Nersae,

158 3154 203 3203 721
218 3141 332 3204 davene,
338 3140 518 3203 sulvus-72
522 3152 535 3205 5
552 3141 636 3207 rapit,
649 3143 743 3204 raptim
755 3143 865 3191 adducit.
873 3143 961 3204 -728
979 3156 1104 3207 aequora,

116 3219 302 3280 campa-729
331 3228 419 3280 asper,
443 3230 631 3281 saevus-731
658 3218 774 3283 flagello,
799 3218 956 3282 lora-738
980 3230 1104 3283 aequora,

117 3301 316 3356 campos—741
331 3291 396 3356 ritu,
410 3306 577 3354 mora-742
594 3295 699 3359 raptus,
713 3295 850 3342 destrictus.
