2476 3732
142 311 184 358 20
459 300 632 346 AENEIDOS
665 300 728 346 LIB.
753 301 810 348 VII.

183 447 285 519 Atque
301 461 338 501 ea
352 460 406 519 per
422 461 547 518 campos
563 461 661 517 aequo
678 442 751 500 dum
768 443 867 501 Marte
882 452 1036 519 geruntur,
1084 455 1132 508 540

140 535 282 613 promissi
298 536 356 594 dea
370 535 453 593 facta
467 544 586 611 potens,
604 534 656 592 ubi
672 534 820 610 sanguine
835 536 949 594 bellum

141 629 249 688 imbuit
264 638 294 687 et
309 628 423 704 primae
440 627 592 686 commisit
606 628 714 686 funera
729 648 859 706 pugnae,

141 723 254 781 deserit
270 721 463 798 Hesperiam,
480 730 510 779 et
526 720 602 778 caeli
618 739 766 779 conversa
780 739 836 797 per
849 740 938 779 auras

142 821 291 875 Iunonem
306 814 413 874 victrix
429 815 550 873 adfatur
564 833 640 872 voce
655 816 807 890 superba:

141 930 188 982 en,
205 909 341 985 perfecta
356 907 412 966 tibi
427 907 509 965 bello
524 907 678 966 discordia
692 907 791 965 tristi!

142 1003 199 1076 dic,
216 1002 247 1058 in
263 1001 426 1059 amicitiam
442 1009 552 1059 coeant
567 1009 598 1058 et
611 1000 737 1058 foedera
752 999 899 1076 iungant!

142 1094 391 1172 quandoquidem
408 1093 546 1152 Ausonio
561 1092 693 1169 respersi
709 1093 857 1169 sanguine
871 1095 1018 1165 Teucros,

141 1190 200 1247 hoc
216 1187 307 1246 etiam
323 1187 371 1245 his
387 1187 507 1260 addam,
524 1195 577 1244 tua
592 1185 618 1244 si
634 1185 708 1242 mihi
724 1195 806 1244 certa
821 1187 982 1244 voluntas:

142 1281 286 1339 finitimas
302 1280 334 1337 in
348 1279 429 1338 bella
443 1279 539 1337 ieram
554 1278 725 1337 rumoribus
741 1280 841 1352 urbes

143 1374 370 1448 accendamque
386 1370 505 1430 animos
520 1371 621 1430 insani
638 1371 747 1430 Martis
763 1391 874 1445 amore,
1086 1383 1133 1435 550

142 1466 278 1541 undique
293 1474 326 1523 ut
342 1464 453 1522 auxilio
468 1464 612 1522 veniant:
636 1484 777 1541 spargam
792 1483 876 1522 arma
890 1483 944 1541 per
959 1483 1056 1541 agros,

142 1569 206 1618 tum
222 1568 328 1616 contra
344 1560 442 1615 Iuno:
465 1558 627 1615 Terrorum
642 1566 673 1615 et
686 1557 803 1616 fraudis
819 1558 940 1616 abunde
957 1566 1024 1616 est:

142 1660 225 1711 stant
239 1649 313 1708 belli
328 1668 459 1708 causae:
481 1659 634 1726 pugnatur
649 1650 818 1708 comminus
835 1650 925 1708 armis
938 1674 945 1722 3

142 1763 221 1822 quae
236 1744 299 1802 fors
315 1742 412 1818 prima
427 1741 520 1814 dedit,
538 1742 663 1818 sanguis
679 1762 777 1801 novus
793 1742 901 1801 imbuit
916 1761 1007 1800 arma.

141 1837 215 1895 talia
231 1835 373 1912 coniugia
388 1844 418 1893 et
432 1834 502 1892 talis
519 1834 674 1893 celebrent
688 1837 875 1913 hymenaeos

142 1928 297 2006 egregium
312 1927 442 1986 Veneris
457 1946 554 2004 genus
571 1936 601 1986 et
615 1947 668 1986 rex
683 1928 749 2004 ipse
766 1928 903 1987 Latinus.

142 2032 173 2081 te
189 2040 280 2097 super
295 2019 446 2079 aetherias
462 2038 561 2078 errare
577 2019 718 2079 licentius
741 2040 830 2080 auras

142 2115 225 2172 haud
242 2115 332 2172 Pater
347 2113 396 2171 ille
412 2113 493 2186 velit,
510 2112 620 2170 summi
635 2123 779 2190 regnator
794 2113 925 2192 Olympi.

143 2208 218 2265 cede
233 2206 317 2266 locis.
363 2208 436 2282 Ego,
454 2205 481 2264 si
495 2224 556 2281 qua
572 2225 663 2282 super
677 2207 801 2264 fortuna
816 2207 954 2265 laborum
969 2215 1025 2279 est,

144 2300 211 2375 ipsa
225 2318 337 2376 regam.
382 2298 466 2356 Talis
483 2299 609 2356 dederat
626 2299 768 2358 Saturnia
782 2318 895 2371 voces3

143 2391 195 2449 illa
210 2400 311 2449 autem
327 2390 438 2449 attollit
453 2390 610 2449 stridentis
627 2392 778 2468 anguibus
794 2392 867 2464 alas

145 2483 315 2562 Cocytique
329 2483 407 2560 petit
422 2484 535 2555 sedem,
553 2502 663 2559 supera
678 2485 774 2543 ardua
788 2483 940 2559 linquens.

144 2585 191 2635 est
206 2575 292 2634 locus
309 2575 416 2634 italiae
432 2575 533 2634 medio
549 2576 606 2633 sub
622 2575 778 2634 montibus
794 2576 872 2648 altis

145 2668 256 2727 nobilis
272 2669 399 2727 etfama
414 2667 517 2725 multis
532 2676 717 2726 memoratus
734 2667 765 2725 in
781 2667 851 2741 oris,

145 2761 305 2820 Amsancti
319 2761 414 2819 valles
427 2783 434 2832 ;
458 2758 563 2818 densis
578 2759 661 2817 hunc
674 2760 836 2819 frondibus
852 2770 950 2819 atrum
1089 2762 1137 2827 565

145 2863 252 2930 urguet
267 2853 418 2929 utrimque
433 2853 513 2910 latus
529 2851 670 2924 nemoris,
687 2852 850 2929 medioque
864 2854 1006 2931 fragosus

145 2948 198 3005 dat
214 2947 347 3006 sonitum
363 2945 444 3004 saxis
460 2954 490 3003 et
506 2954 586 3003 torto
601 2945 713 3004 vertice
729 2956 857 3006 torrens.

144 3039 195 3098 hic
210 3059 320 3116 specus
335 3039 521 3097 horrendum
536 3046 567 3096 et
582 3037 666 3096 saevi
681 3039 834 3115 spiracula
850 3039 932 3098 Ditis

186 3219 233 3271 54ο
245 3217 339 3270 aequo,
353 3206 466 3267 ancipiti.
474 3233 507 3240 -
516 3204 562 3270 548
575 3205 713 3271 voluntas,
719 3207 807 3270 favor.
815 3233 849 3242 -
857 3219 904 3271 549
916 3204 1013 3269 feram,
1024 3207 1133 3268 rapiam.

147 3295 160 3347 5
164 3295 194 3348 53
211 3282 297 3346 stant,
311 3283 457 3329 constipatae
473 3288 582 3328 sunu-
593 3293 639 3346 555
658 3282 793 3346 coniugia,
807 3283 960 3330 conubia—
969 3281 1015 3347 560
1033 3295 1136 3347 regam,

145 3359 265 3421 derz'gam.
273 3357 434 3422 —dederat‚
447 3357 565 3405 ediderat.
573 3385 608 3394 —-
616 3356 663 3423 566
674 3359 749 3409 latus
760 3357 888 3424 nemoris,
902 3359 972 3407 collis
983 3374 1135 3406 nemorosus.
