2476 3732
418 364 591 409 AENEIDOS
623 365 688 410 LIB.
712 364 769 410 vn.

97 505 211 564 talibus
227 504 392 563 Aeneadae
408 503 497 561 donis
514 503 665 578 dictisque
682 503 783 561 Latini

98 597 245 655 sublimes
261 596 292 654 in
308 596 395 671 equis
411 596 548 668 redeunt,
565 615 733 672 pacemque
749 605 913 672 reportant.

142 692 220 748 Ecce
236 699 337 747 autem
355 689 488 747 Inachiis
505 708 573 747 sese
588 690 740 746 referebat
756 690 794 748 ab
811 689 900 764 Argis

98 802 190 841 saeva
207 784 290 841 Iovis
298 781 446 854 coniunx,
464 801 614 857 aurasque
631 781 751 839 invecta
767 782 900 854 tenebat,

98 884 129 933 et
144 876 257 933 laetum
273 877 402 932 Aenean
418 874 609 950 classemque
625 894 662 932 ex
678 874 801 932 aethere
817 873 906 949 longe

99 967 288 1026 Dardaniam
306 966 407 1025 Siculo
421 966 578 1042 prospexit
594 967 632 1024 ab
649 985 746 1041 usque
764 966 917 1043 Pachyno

97 1061 196 1119 moliri
212 1061 272 1117 iam
287 1069 369 1118 tecta
383 1059 475 1131 videt,
493 1059 552 1116 iam
567 1059 660 1117 fidere
677 1069 783 1131 terrae,

97 1153 271 1211 deseruisse
286 1162 376 1210 rates
423 1151 512 1210 Stetit
529 1151 589 1209 acri
605 1152 665 1209 fixa
680 1151 798 1223 dolore3

96 1255 162 1304 turn
178 1264 329 1320 quassans
346 1254 437 1320 caput
453 1244 530 1302 haec
544 1243 675 1302 effundit
690 1253 813 1318 pectore
830 1243 925 1301 dicta:

95 1339 157 1396 heu
174 1338 299 1413 stirpem
315 1337 453 1408 invisam,
471 1347 501 1394 et
516 1336 588 1394 fatis
605 1335 756 1393 contraria
772 1335 884 1393 nostris

94 1432 160 1488 fata
177 1431 342 1508 Phrygum!
366 1449 438 1486 num
456 1429 553 1505 Sigeis
569 1429 749 1486 occumbere
765 1427 890 1503 campis,

96 1542 170 1580 num
186 1523 267 1599 capti
282 1532 410 1599 potuere
425 1520 513 1597 capi?
537 1540 609 1578 num
625 1521 752 1579 incensa
767 1521 911 1578 cremavit

95 1615 189 1675 Troia
204 1615 305 1673 viros?
328 1614 445 1672 medias
461 1613 542 1672 acies
558 1613 737 1689 mediosque
752 1632 807 1689 per
822 1613 900 1688 ignis

95 1709 240 1766 invenere
256 1708 344 1766 viam.
390 1710 440 1780 At,
458 1707 557 1779 credo,
574 1725 642 1764 mea
657 1706 783 1763 numina
798 1706 923 1763 tandem

94 1802 179 1859 fessa
195 1801 304 1873 iacent,
321 1799 399 1857 odiis
416 1809 467 1858 aut
482 1808 656 1857 exsaturata
672 1798 781 1874 quievi.
794 1834 836 1840 -

95 1893 170 1970 quin
186 1893 278 1952 etiam
293 1891 392 1968 patria
407 1911 552 1949 excussos
568 1891 680 1949 infesta
695 1910 749 1966 per
764 1891 862 1949 undas

95 2005 171 2044 ausa
187 1985 275 2061 sequi
290 1994 320 2042 et
335 1983 472 2060 profugis
488 1992 553 2041 toto
568 2003 617 2042 me
633 2003 788 2060 opponere
804 1993 908 2059 ponto.

95 2078 277 2154 absumptae
294 2076 324 2135 in
340 2078 476 2134 Teucros
491 2076 571 2134 vires
587 2076 724 2151 caelique
740 2075 902 2150 marisque.

95 2171 170 2247 quid
188 2172 300 2248 Syrtes,
318 2179 370 2227 aut
387 2168 486 2246 Scylla
501 2168 583 2240 mihi,
601 2168 675 2243 quid
689 2176 777 2226 vasta
794 2167 966 2245 Charybdis

93 2263 228 2340 profuit?
253 2270 358 2338 optato
374 2261 547 2319 conduntur
562 2259 728 2337 Thybridis
744 2259 840 2333 alve0,

94 2355 194 2415 securi
210 2355 310 2431 pelagi
326 2364 418 2430 atque
434 2352 502 2411 mei.
548 2354 633 2409 Mars
649 2353 775 2427 perdere
791 2361 913 2428 gentem

95 2449 259 2506 immanem
276 2446 440 2522 Lapithum
456 2445 550 2503 valuit
564 2469 570 2516 3
593 2444 747 2502 concessit
762 2445 793 2502 in
809 2445 868 2504 iras
1042 2457 1088 2510 305

95 2540 161 2616 ipse
178 2541 269 2598 deum
286 2539 442 2615 antiquam
457 2537 578 2613 genitor
594 2536 753 2615 Calydona
770 2538 903 2597 Dianae:

96 2633 180 2709 quod
202 2633 302 2691 scelus
329 2641 380 2689 aut
403 2629 550 2706 Lapithas
573 2639 701 2703 tanturn,
718 2640 770 2688 aut
793 2631 952 2709 Calydona

179 2727 366 2783 merentem?

96 2827 144 2877 ast
159 2838 226 2895 eg0,
243 2836 354 2894 magna
370 2816 452 2875 Iovis
468 2818 610 2888 coniunx,
627 2816 669 2872 nil
685 2816 822 2891 linquere
838 2816 979 2873 inausum

96 2930 175 2987 quae
191 2909 277 2986 potui
293 2909 406 2981 infelix,
424 2927 502 2984 quae
518 2918 630 2966 memet
646 2908 676 2965 in
692 2907 794 2965 omnia
810 2907 884 2966 verti

96 3004 201 3062 vincor
217 3004 256 3061 ab
272 3004 387 3060 Aenea.
433 3001 525 3073 Quod
541 3000 566 3057 si
583 3019 651 3057 mea
667 3000 792 3057 numina
807 3019 869 3057 non
885 3009 956 3057 sunt
1042 3014 1091 3064 310

96 3115 208 3172 magna
229 3094 313 3166 satiS,
337 3093 475 3152 dubitem
496 3092 580 3151 haud
602 3091 744 3167 equidem
763 3091 924 3166 implorare
947 3093 1030 3168 quod

180 3207 309 3263 usquam
330 3194 385 3245 est.

134 3351 189 3418 ,293
208 3338 331 3400 stirpem,
340 3343 544 3398 gentem—294
562 3334 723 3397 occumbere,
742 3335 938 3397 moriri-299
955 3347 1090 3400 excussos,

97 3416 221 3478 expulsos.
230 3441 264 3450 —
271 3423 319 3476 305
332 3411 488 3474 immanem,
501 3411 633 3471 ingentem.
642 3436 675 3443 —
682 3409 779 3474 valuit,
786 3411 879 3470 potuit.
