2476 3732
132 321 149 364 2
462 309 634 355 AENEIDOS
659 311 723 356 LIB.
750 312 807 357 VII.

133 470 211 528 quae
228 469 267 510 ne
282 459 418 510 monstra
433 449 476 527 pii
491 459 669 528 paterentur
684 451 757 510 talia
771 453 868 511 Troes

132 542 225 602 delati
241 542 272 600 in
287 551 401 618 portus,
418 562 479 602 neu
494 543 582 602 litora
601 543 667 602 dira
686 544 832 618 subirent,

133 637 296 712 Neptunus
312 635 411 694 ventis
427 634 563 712 implevit
579 637 646 694 vela
662 637 815 710 secundis,

132 737 224 804 atque
239 729 343 805 fugam
359 727 451 802 dedit,
469 737 499 786 et
515 739 635 804 praeter
650 730 729 787 vada
743 729 861 788 fervida
877 731 968 790 vexit.

174 823 302 897 Iamque
317 821 499 879 rubescebat
514 821 607 880 radiis
623 841 714 894 mare,
732 830 762 879 et
777 821 900 881 aethere
916 824 954 881 ab
971 823 1033 882 alto
1095 839 1125 890 25

132 917 251 973 Aurora
266 913 297 971 in
312 913 408 972 roseis
423 913 560 990 fulgebat
576 914 658 972 lutea
673 914 765 990 bigis:

132 1026 200 1064 cum
216 1007 299 1064 venti
314 1025 454 1082 posuere,
471 1006 631 1082 omnisque
647 1016 772 1082 repente
789 1007 902 1065 resedit

131 1100 231 1171 flatus,
249 1108 280 1158 et
295 1098 326 1156 in
342 1099 425 1157 lento
441 1100 594 1157 luctantur
609 1118 758 1156 marmore
773 1109 891 1158 tonsae.

131 1201 223 1268 atque
239 1191 289 1249 hic
305 1194 427 1250 Aeneas
443 1191 598 1268 ingentem
614 1211 651 1249 ex
667 1211 799 1268 aequore
815 1191 916 1249 lucum

130 1284 285 1360 prospicit.
332 1285 426 1341 Hunc
442 1283 520 1341 inter
535 1283 627 1342 fluvio
643 1283 806 1342 Tiberinus
823 1303 962 1357 amoen0,

130 1376 294 1435 verticibus
310 1375 433 1451 rapidis,
450 1385 480 1433 et
496 1376 591 1433 multa
607 1377 703 1433 flavus
719 1375 842 1448 harena,

130 1469 161 1526 in
176 1487 258 1526 mare
273 1467 450 1544 prorumpit.
495 1467 606 1526 Variae
623 1467 797 1544 circumque
814 1488 966 1544 supraque

130 1561 276 1619 adsuetae
292 1559 365 1636 ripis
381 1559 519 1618 volucres
535 1569 565 1617 et
581 1560 713 1618 fluminis
730 1560 816 1618 alveo

130 1653 254 1712 aethera
269 1652 444 1710 mulcebant
459 1662 560 1725 cantu,
578 1653 708 1728 lucoque
723 1654 877 1712 volabant.

128 1747 250 1804 flectere
266 1745 323 1803 iter
338 1743 429 1802 sociis
444 1753 603 1820 terraeque
620 1745 777 1803 advertere
791 1764 897 1821 proras

129 1837 266 1914 imperat,
284 1846 314 1895 et
330 1838 427 1895 laetus
443 1837 535 1895 fluvio
551 1837 688 1896 succedit
703 1857 809 1914 opaco

171 1932 262 1990 Nunc
277 1949 342 2007 age,
360 1929 411 2005 qui
427 1948 522 2006 reges,
541 1932 641 2003 Erato,
660 1949 737 2006 quae
753 1939 891 2006 tempora
906 1950 1013 2004 rerum,

129 2023 197 2100 quis
214 2023 303 2082 Latio
319 2022 445 2099 antiquo
460 2023 551 2080 fuerit
567 2032 674 2095 status,
692 2023 811 2081 advena
826 2024 956 2082 classem

129 2136 197 2175 cum
213 2116 343 2193 primum
359 2115 505 2174 Ausoniis
521 2115 670 2174 exercitus
687 2116 804 2192 appulit
819 2116 888 2186 oris

129 2209 298 2285 expediam,
316 2218 346 2267 et
360 2209 475 2285 primae
491 2209 642 2267 revocabo
657 2208 782 2267 exordia
796 2227 926 2285 pugnae.

128 2311 162 2360 tu
177 2310 286 2374 vatem,
304 2310 345 2373 tu,
363 2300 441 2373 diva,
458 2320 557 2360 mone.
603 2301 712 2359 Dicam
728 2301 850 2359 horrida
865 2301 954 2374 bella,

130 2394 229 2452 dicam
245 2393 335 2465 acieS,
354 2403 500 2468 actosque
517 2393 625 2451 animis
642 2393 672 2451 in
688 2395 795 2452 funera
810 2413 906 2471 reges,

129 2487 378 2564 Tyrrhenamque
395 2504 526 2557 manum,
543 2495 700 2560 totamque
718 2486 774 2543 sub
791 2505 875 2543 arma
890 2495 1028 2545 coactam

131 2577 324 2654 Hesperiam.
370 2576 470 2634 Maior
484 2596 583 2635 rerum
598 2577 672 2634 mihi
688 2577 823 2634 nascitur
838 2579 922 2651 ord0,

129 2670 226 2728 maius
242 2689 319 2746 opus
335 2688 452 2727 moveo.
498 2671 565 2727 Rex
581 2688 652 2726 arva
668 2668 797 2728 Latinus
813 2679 843 2728 et
858 2672 949 2730 urbes

129 2763 189 2820 iam
205 2762 306 2820 senior
320 2762 412 2838 longa
426 2761 563 2836 placidas
579 2761 610 2819 in
625 2781 702 2838 pace
717 2763 850 2839 regebat.

129 2856 210 2913 hunc
227 2857 332 2912 Fauno
349 2863 379 2912 et
394 2853 528 2931 nympha
542 2854 678 2930 genitum
695 2857 846 2914 Laurente
864 2857 981 2915 Marica

129 2947 308 3024 accipimus;
332 2948 438 3005 Fauno
454 2945 544 3004 Picus
559 2956 659 3022 pater;
682 2947 769 3023 isque
784 2958 942 3024 parentem

128 3049 167 3114 te,
187 3042 324 3114 Saturne,
342 3041 446 3113 refert3
468 3048 501 3097 tu
516 3039 674 3116 sanguinis
690 3040 813 3099 ultimus
830 3051 943 3101 auctor.

172 3149 303 3215 261utea,
322 3167 402 3198 crocea
422 3150 468 3197 1v.
484 3149 537 3214 585.
549 3162 621 3211 -27
641 3161 763 3213 posuere,
776 3151 856 3197 sedati
871 3151 1017 3199 sunt—28
1035 3152 1122 3218 lento,

128 3227 274 3288 tranquillo.
282 3226 352 3275 -28
360 3228 465 3291 tonsae,
473 3227 542 3274 remi.
550 3254 584 3262 -
590 3239 618 3289 31
628 3225 724 3289 ssavus,
732 3225 819 3271 luteus.
828 3225 859 3272 cf.
868 3225 905 3274 26.
913 3254 947 3262 —
953 3225 985 3290 36
992 3227 1122 3293 succedit,

129 3302 198 3356 subit,
219 3301 238 3347 Ι.
260 3314 397 3361 171.-44
421 3302 551 3365 nascitur,
571 3304 659 3356 oritur,
677 3301 712 3348 ΙΙ.
731 3300 871 3365 680·-45
895 3302 989 3367 maior,
1005 3304 1120 3365 gravior,

128 3386 231 3440 moveo,
250 3376 349 3436 incipio,
364 3375 384 3422 1.
398 3376 517 3440 37.-48
535 3376 693 3442 accipimus,
705 3375 833 3427 audimus.
