<?xml version="1.0" encoding="UTF-8"?>
<!DOCTYPE html PUBLIC "-//W3C//DTD XHTML 1.0 Transitional//EN"
    "http://www.w3.org/TR/xhtml1/DTD/xhtml1-transitional.dtd">
<html xmlns="http://www.w3.org/1999/xhtml" xml:lang="en" lang="en">
 <head>
  <title>
</title>
<meta http-equiv="Content-Type" content="text/html;charset=utf-8" />
  <meta name='ocr-system' content='tesseract 3.04.00' />
  <meta name='ocr-capabilities' content='ocr_page ocr_carea ocr_par ocr_line ocrx_word'/>
</head>
<body>
  <div class='ocr_page' id='page_1' title='image "./seventhbookverg01virggoog_0033.png"; bbox 0 0 2476 3732; ppageno 0'>
   <div class='ocr_carea' id='block_1_1' title="bbox 133 313 806 377">
    <p class='ocr_par' dir='ltr' id='par_1_1' title="bbox 133 313 806 377">
     <span class='ocr_line' id='line_1_1' title="bbox 133 313 806 377; baseline 0.006 -4"><span class='ocrx_word' id='word_1_1' title='bbox 133 313 156 373; x_wconf 83' lang='lat'><strong>4</strong></span> <span class='ocrx_word' id='word_1_2' title='bbox 454 332 627 376; x_wconf 77' lang='lat' dir='ltr'>nnnnmos</span> <span class='ocrx_word' id='word_1_3' title='bbox 658 332 723 377; x_wconf 78' lang='lat' dir='ltr'>rm.</span> <span class='ocrx_word' id='word_1_4' title='bbox 747 332 806 377; x_wconf 89' lang='lat' dir='ltr'>v11.</span> 
     </span>
    </p>
   </div>
   <div class='ocr_carea' id='block_1_2' title="bbox 97 468 1183 3235">
    <p class='ocr_par' dir='ltr' id='par_1_2' title="bbox 134 468 938 636">
     <span class='ocr_line' id='line_1_2' title="bbox 134 468 938 548; baseline 0.005 -22"><span class='ocrx_word' id='word_1_5' title='bbox 134 468 241 546; x_wconf 83' lang='lat' dir='ltr'><strong>ipsam,</strong></span> <span class='ocrx_word' id='word_1_6' title='bbox 254 470 314 529; x_wconf 88' lang='lat' dir='ltr'>sed</span> <span class='ocrx_word' id='word_1_7' title='bbox 329 470 443 546; x_wconf 93' lang='lat' dir='ltr'>populo</span> <span class='ocrx_word' id='word_1_8' title='bbox 459 491 602 547; x_wconf 88' lang='lat' dir='ltr'>magnum</span> <span class='ocrx_word' id='word_1_9' title='bbox 617 473 801 548; x_wconf 87' lang='lat' dir='ltr'>portendere</span> <span class='ocrx_word' id='word_1_10' title='bbox 816 471 938 530; x_wconf 90' lang='lat' dir='ltr'>bellum.</span> 
     </span>
     <span class='ocr_line' id='line_1_3' title="bbox 135 563 825 636; baseline 0.003 -17"><span class='ocrx_word' id='word_1_11' title='bbox 135 572 165 620; x_wconf 90' lang='lat' dir='ltr'>at</span> <span class='ocrx_word' id='word_1_12' title='bbox 181 583 232 621; x_wconf 88' lang='lat' dir='ltr'>rex</span> <span class='ocrx_word' id='word_1_13' title='bbox 248 563 396 620; x_wconf 90' lang='lat' dir='ltr'>sollicitus</span> <span class='ocrx_word' id='word_1_14' title='bbox 411 564 564 636; x_wconf 85' lang='lat' dir='ltr'>monstris,</span> <span class='ocrx_word' id='word_1_15' title='bbox 581 565 703 622; x_wconf 88' lang='lat' dir='ltr'>oracula</span> <span class='ocrx_word' id='word_1_16' title='bbox 720 564 825 636; x_wconf 86' lang='lat' dir='ltr'>Fauni,</span> 
     </span>
    </p>

    <p class='ocr_par' dir='ltr' id='par_1_3' title="bbox 133 653 965 1011">
     <span class='ocr_line' id='line_1_4' title="bbox 133 653 826 732; baseline 0.003 -20"><span class='ocrx_word' id='word_1_17' title='bbox 133 654 251 712; x_wconf 84' lang='lat' dir='ltr'>fatidici</span> <span class='ocrx_word' id='word_1_18' title='bbox 265 653 421 731; x_wconf 87' lang='lat' dir='ltr'>genitoris,</span> <span class='ocrx_word' id='word_1_19' title='bbox 439 656 511 728; x_wconf 93' lang='lat' dir='ltr'>adit,</span> <span class='ocrx_word' id='word_1_20' title='bbox 529 656 675 732; x_wconf 92' lang='lat' dir='ltr'>lucosque</span> <span class='ocrx_word' id='word_1_21' title='bbox 691 657 748 715; x_wconf 93' lang='lat' dir='ltr'>sub</span> <span class='ocrx_word' id='word_1_22' title='bbox 765 657 826 715; x_wconf 91' lang='lat' dir='ltr'>alta</span> 
     </span>
     <span class='ocr_line' id='line_1_5' title="bbox 134 749 951 825; baseline 0.001 -19"><span class='ocrx_word' id='word_1_23' title='bbox 134 749 265 806; x_wconf 91' lang='lat' dir='ltr'>consulit</span> <span class='ocrx_word' id='word_1_24' title='bbox 281 749 431 821; x_wconf 83' lang='lat' dir='ltr'>Albunea,</span> <span class='ocrx_word' id='word_1_25' title='bbox 449 768 607 807; x_wconf 89' lang='lat' dir='ltr'>nemorum</span> <span class='ocrx_word' id='word_1_26' title='bbox 623 769 702 825; x_wconf 91' lang='lat' dir='ltr'>quae</span> <span class='ocrx_word' id='word_1_27' title='bbox 717 750 849 807; x_wconf 88' lang='lat' dir='ltr'>maxima</span> <span class='ocrx_word' id='word_1_28' title='bbox 865 769 951 808; x_wconf 91' lang='lat' dir='ltr'>sacro</span> 
     </span>
     <span class='ocr_line' id='line_1_6' title="bbox 133 841 965 918; baseline 0.001 -21"><span class='ocrx_word' id='word_1_29' title='bbox 133 841 218 899; x_wconf 82' lang='lat' dir='ltr'>fonte</span> <span class='ocrx_word' id='word_1_30' title='bbox 235 851 332 914; x_wconf 90' lang='lat' dir='ltr'>sonat,</span> <span class='ocrx_word' id='word_1_31' title='bbox 350 861 534 916; x_wconf 88' lang='lat' dir='ltr'>saevamque</span> <span class='ocrx_word' id='word_1_32' title='bbox 550 843 671 900; x_wconf 84' lang='lat' dir='ltr'><strong>exhalat</strong></span> <span class='ocrx_word' id='word_1_33' title='bbox 687 862 784 918; x_wconf 88' lang='lat' dir='ltr'>opaca</span> <span class='ocrx_word' id='word_1_34' title='bbox 800 841 965 918; x_wconf 86' lang='lat' dir='ltr'>mephitim.</span> 
     </span>
     <span class='ocr_line' id='line_1_7' title="bbox 133 933 885 1011; baseline 0.001 -21"><span class='ocrx_word' id='word_1_35' title='bbox 133 933 205 992; x_wconf 88' lang='lat' dir='ltr'>hinc</span> <span class='ocrx_word' id='word_1_36' title='bbox 222 934 317 992; x_wconf 88' lang='lat' dir='ltr'>Italae</span> <span class='ocrx_word' id='word_1_37' title='bbox 332 944 440 1011; x_wconf 83' lang='lat' dir='ltr'>gentes</span> <span class='ocrx_word' id='word_1_38' title='bbox 456 935 616 1010; x_wconf 90' lang='lat' dir='ltr'>omnisque</span> <span class='ocrx_word' id='word_1_39' title='bbox 633 935 780 993; x_wconf 86' lang='lat' dir='ltr'>Oenotria</span> <span class='ocrx_word' id='word_1_40' title='bbox 796 935 885 993; x_wconf 91' lang='lat' dir='ltr'>tellus</span> 
     </span>
    </p>

    <p class='ocr_par' dir='ltr' id='par_1_4' title="bbox 132 1027 919 1377">
     <span class='ocr_line' id='line_1_8' title="bbox 134 1027 919 1104; baseline 0.003 -21"><span class='ocrx_word' id='word_1_41' title='bbox 134 1027 164 1084; x_wconf 92' lang='lat' dir='ltr'>in</span> <span class='ocrx_word' id='word_1_42' title='bbox 180 1027 281 1085; x_wconf 93' lang='lat' dir='ltr'>dubiis</span> <span class='ocrx_word' id='word_1_43' title='bbox 296 1047 445 1103; x_wconf 91' lang='lat' dir='ltr'>responsa</span> <span class='ocrx_word' id='word_1_44' title='bbox 460 1037 581 1104; x_wconf 87' lang='lat' dir='ltr'>petunt;</span> <span class='ocrx_word' id='word_1_45' title='bbox 604 1028 664 1085; x_wconf 90' lang='lat' dir='ltr'>huc</span> <span class='ocrx_word' id='word_1_46' title='bbox 679 1028 761 1085; x_wconf 92' lang='lat' dir='ltr'>dona</span> <span class='ocrx_word' id='word_1_47' title='bbox 777 1028 919 1086; x_wconf 90' lang='lat' dir='ltr'>sacerdos</span> 
     </span>
     <span class='ocr_line' id='line_1_9' title="bbox 133 1119 918 1198; baseline -0.001 -21"><span class='ocrx_word' id='word_1_48' title='bbox 133 1139 202 1177; x_wconf 89' lang='lat' dir='ltr'>curn</span> <span class='ocrx_word' id='word_1_49' title='bbox 218 1120 286 1178; x_wconf 92' lang='lat' dir='ltr'>tulit</span> <span class='ocrx_word' id='word_1_50' title='bbox 302 1129 332 1178; x_wconf 93' lang='lat' dir='ltr'>et</span> <span class='ocrx_word' id='word_1_51' title='bbox 347 1140 505 1178; x_wconf 87' lang='lat' dir='ltr'>caesarum</span> <span class='ocrx_word' id='word_1_52' title='bbox 521 1120 621 1198; x_wconf 94' lang='lat' dir='ltr'>ovium</span> <span class='ocrx_word' id='word_1_53' title='bbox 638 1121 695 1179; x_wconf 94' lang='lat' dir='ltr'>sub</span> <span class='ocrx_word' id='word_1_54' title='bbox 711 1130 801 1178; x_wconf 92' lang='lat' dir='ltr'>nocte</span> <span class='ocrx_word' id='word_1_55' title='bbox 818 1119 918 1178; x_wconf 89' lang='lat' dir='ltr'>silenti</span> 
     </span>
     <span class='ocr_line' id='line_1_10' title="bbox 132 1213 870 1289; baseline -0.003 -18"><span class='ocrx_word' id='word_1_56' title='bbox 132 1213 264 1288; x_wconf 91' lang='lat' dir='ltr'>pellibus</span> <span class='ocrx_word' id='word_1_57' title='bbox 280 1213 417 1271; x_wconf 90' lang='lat' dir='ltr'>incubuit</span> <span class='ocrx_word' id='word_1_58' title='bbox 434 1213 537 1271; x_wconf 92' lang='lat' dir='ltr'>stratis</span> <span class='ocrx_word' id='word_1_59' title='bbox 553 1232 738 1288; x_wconf 87' lang='lat' dir='ltr'>somnosque</span> <span class='ocrx_word' id='word_1_60' title='bbox 754 1213 870 1289; x_wconf 90' lang='lat' dir='ltr'>petivit,</span> 
     </span>
     <span class='ocr_line' id='line_1_11' title="bbox 133 1305 899 1377; baseline 0.001 -15"><span class='ocrx_word' id='word_1_61' title='bbox 133 1306 228 1364; x_wconf 93' lang='lat' dir='ltr'>multa</span> <span class='ocrx_word' id='word_1_62' title='bbox 243 1305 342 1363; x_wconf 91' lang='lat' dir='ltr'>modis</span> <span class='ocrx_word' id='word_1_63' title='bbox 359 1305 520 1363; x_wconf 89' lang='lat' dir='ltr'>simulacra</span> <span class='ocrx_word' id='word_1_64' title='bbox 535 1305 618 1363; x_wconf 92' lang='lat' dir='ltr'>videt</span> <span class='ocrx_word' id='word_1_65' title='bbox 633 1305 792 1363; x_wconf 86' lang='lat' dir='ltr'>volitantia</span> <span class='ocrx_word' id='word_1_66' title='bbox 808 1305 899 1377; x_wconf 80' lang='lat' dir='ltr'>miriS,</span> 
     </span>
    </p>

    <p class='ocr_par' dir='ltr' id='par_1_5' title="bbox 133 1397 984 1754">
     <span class='ocr_line' id='line_1_12' title="bbox 133 1397 821 1473; baseline -0.001 -17"><span class='ocrx_word' id='word_1_67' title='bbox 133 1407 163 1456; x_wconf 91' lang='lat' dir='ltr'>et</span> <span class='ocrx_word' id='word_1_68' title='bbox 179 1398 278 1456; x_wconf 90' lang='lat' dir='ltr'>varias</span> <span class='ocrx_word' id='word_1_69' title='bbox 295 1397 379 1455; x_wconf 90' lang='lat' dir='ltr'>audit</span> <span class='ocrx_word' id='word_1_70' title='bbox 394 1417 494 1470; x_wconf 91' lang='lat' dir='ltr'>voces,</span> <span class='ocrx_word' id='word_1_71' title='bbox 511 1397 680 1473; x_wconf 82' lang='lat' dir='ltr'>fruiturque</span> <span class='ocrx_word' id='word_1_72' title='bbox 696 1398 821 1456; x_wconf 92' lang='lat' dir='ltr'>deorum</span> 
     </span>
     <span class='ocr_line' id='line_1_13' title="bbox 133 1489 984 1565; baseline 0 -17"><span class='ocrx_word' id='word_1_73' title='bbox 133 1490 305 1565; x_wconf 93' lang='lat' dir='ltr'>conloquio,</span> <span class='ocrx_word' id='word_1_74' title='bbox 324 1499 415 1564; x_wconf 87' lang='lat' dir='ltr'>atque</span> <span class='ocrx_word' id='word_1_75' title='bbox 432 1489 499 1547; x_wconf 91' lang='lat' dir='ltr'>imis</span> <span class='ocrx_word' id='word_1_76' title='bbox 515 1490 692 1547; x_wconf 88' lang='lat' dir='ltr'>Acheronta</span> <span class='ocrx_word' id='word_1_77' title='bbox 707 1492 829 1548; x_wconf 78' lang='lat' dir='ltr'>adfatur</span> <span class='ocrx_word' id='word_1_78' title='bbox 844 1491 984 1550; x_wconf 83' lang='lat' dir='ltr'>Avernis</span> 
     </span>
     <span class='ocr_line' id='line_1_14' title="bbox 133 1581 923 1659; baseline 0 -19"><span class='ocrx_word' id='word_1_79' title='bbox 133 1583 183 1640; x_wconf 94' lang='lat' dir='ltr'>hic</span> <span class='ocrx_word' id='word_1_80' title='bbox 199 1592 228 1641; x_wconf 90' lang='lat' dir='ltr'>et</span> <span class='ocrx_word' id='word_1_81' title='bbox 244 1591 308 1639; x_wconf 93' lang='lat' dir='ltr'>tum</span> <span class='ocrx_word' id='word_1_82' title='bbox 324 1591 410 1657; x_wconf 91' lang='lat' dir='ltr'>pater</span> <span class='ocrx_word' id='word_1_83' title='bbox 426 1581 491 1657; x_wconf 90' lang='lat' dir='ltr'>ipse</span> <span class='ocrx_word' id='word_1_84' title='bbox 507 1592 615 1658; x_wconf 91' lang='lat' dir='ltr'>petens</span> <span class='ocrx_word' id='word_1_85' title='bbox 631 1602 780 1659; x_wconf 90' lang='lat' dir='ltr'>responsa</span> <span class='ocrx_word' id='word_1_86' title='bbox 796 1584 923 1641; x_wconf 90' lang='lat' dir='ltr'>Latinus</span> 
     </span>
     <span class='ocr_line' id='line_1_15' title="bbox 133 1673 816 1754; baseline 0.001 -21"><span class='ocrx_word' id='word_1_87' title='bbox 133 1685 256 1754; x_wconf 82' lang='lat' dir='ltr'>centum</span> <span class='ocrx_word' id='word_1_88' title='bbox 272 1673 423 1750; x_wconf 87' lang='lat' dir='ltr'>lanigeras</span> <span class='ocrx_word' id='word_1_89' title='bbox 439 1684 586 1732; x_wconf 89' lang='lat' dir='ltr'>mactarat</span> <span class='ocrx_word' id='word_1_90' title='bbox 601 1675 657 1734; x_wconf 90' lang='lat' dir='ltr'>rite</span> <span class='ocrx_word' id='word_1_91' title='bbox 672 1676 816 1749; x_wconf 71' lang='lat' dir='ltr'>bidentis</span> 
     </span>
    </p>

    <p class='ocr_par' dir='ltr' id='par_1_6' title="bbox 133 1767 930 2029">
     <span class='ocr_line' id='line_1_16' title="bbox 134 1767 902 1844; baseline 0 -19"><span class='ocrx_word' id='word_1_92' title='bbox 134 1778 225 1844; x_wconf 88' lang='lat' dir='ltr'>atque</span> <span class='ocrx_word' id='word_1_93' title='bbox 241 1768 348 1824; x_wconf 91' lang='lat' dir='ltr'>harum</span> <span class='ocrx_word' id='word_1_94' title='bbox 364 1767 486 1824; x_wconf 84' lang='lat' dir='ltr'>effultus</span> <span class='ocrx_word' id='word_1_95' title='bbox 503 1777 587 1844; x_wconf 89' lang='lat' dir='ltr'>tergo</span> <span class='ocrx_word' id='word_1_96' title='bbox 603 1768 767 1844; x_wconf 89' lang='lat' dir='ltr'>stratisque</span> <span class='ocrx_word' id='word_1_97' title='bbox 783 1769 902 1827; x_wconf 89' lang='lat' dir='ltr'>iacebat</span> 
     </span>
     <span class='ocr_line' id='line_1_17' title="bbox 133 1860 930 1919; baseline 0 0"><span class='ocrx_word' id='word_1_98' title='bbox 133 1861 310 1919; x_wconf 89' lang='lat' dir='ltr'>velleribus:</span> <span class='ocrx_word' id='word_1_99' title='bbox 333 1860 434 1919; x_wconf 91' lang='lat' dir='ltr'>subita</span> <span class='ocrx_word' id='word_1_100' title='bbox 450 1879 487 1917; x_wconf 90' lang='lat' dir='ltr'>ex</span> <span class='ocrx_word' id='word_1_101' title='bbox 502 1860 563 1918; x_wconf 90' lang='lat' dir='ltr'>alto</span> <span class='ocrx_word' id='word_1_102' title='bbox 579 1881 637 1918; x_wconf 87' lang='lat' dir='ltr'>vox</span> <span class='ocrx_word' id='word_1_103' title='bbox 653 1861 772 1919; x_wconf 87' lang='lat' dir='ltr'>reddita</span> <span class='ocrx_word' id='word_1_104' title='bbox 788 1862 855 1919; x_wconf 93' lang='lat' dir='ltr'>luco</span> <span class='ocrx_word' id='word_1_105' title='bbox 872 1871 930 1919; x_wconf 89' lang='lat' dir='ltr'>est:</span> 
     </span>
     <span class='ocr_line' id='line_1_18' title="bbox 134 1952 809 2029; baseline 0.003 -19"><span class='ocrx_word' id='word_1_106' title='bbox 134 1973 172 2012; x_wconf 91' lang='lat' dir='ltr'>ne</span> <span class='ocrx_word' id='word_1_107' title='bbox 187 1952 413 2029; x_wconf 86' lang='lat' dir='ltr'>peteconubiis</span> <span class='ocrx_word' id='word_1_108' title='bbox 429 1962 532 2010; x_wconf 91' lang='lat' dir='ltr'>natam</span> <span class='ocrx_word' id='word_1_109' title='bbox 549 1953 665 2011; x_wconf 88' lang='lat' dir='ltr'>sociare</span> <span class='ocrx_word' id='word_1_110' title='bbox 682 1954 809 2026; x_wconf 82' lang='lat' dir='ltr'>Latinis,</span> 
     </span>
    </p>

    <p class='ocr_par' dir='ltr' id='par_1_7' title="bbox 97 2041 1222 2956">
     <span class='ocr_line' id='line_1_19' title="bbox 97 2041 901 2123; baseline 0.001 -19"><span class='ocrx_word' id='word_1_111' title='bbox 97 2041 98 2046; x_wconf 8' lang='grc' dir='ltr'>ἵ</span> <span class='ocrx_word' id='word_1_112' title='bbox 134 2067 152 2104; x_wconf 96' lang='lat' dir='ltr'>o</span> <span class='ocrx_word' id='word_1_113' title='bbox 168 2065 236 2104; x_wconf 90' lang='lat' dir='ltr'>mea</span> <span class='ocrx_word' id='word_1_114' title='bbox 251 2045 420 2122; x_wconf 89' lang='lat' dir='ltr'>progenies,</span> <span class='ocrx_word' id='word_1_115' title='bbox 438 2045 579 2104; x_wconf 89' lang='lat' dir='ltr'>thalamis</span> <span class='ocrx_word' id='word_1_116' title='bbox 596 2066 655 2104; x_wconf 90' lang='lat' dir='ltr'>neu</span> <span class='ocrx_word' id='word_1_117' title='bbox 670 2047 760 2105; x_wconf 89' lang='lat' dir='ltr'>crede</span> <span class='ocrx_word' id='word_1_118' title='bbox 775 2048 901 2123; x_wconf 87' lang='lat' dir='ltr'>paratis;</span> 
     </span>
     <span class='ocr_line' id='line_1_20' title="bbox 134 2138 905 2215; baseline 0 -19"><span class='ocrx_word' id='word_1_119' title='bbox 134 2139 250 2196; x_wconf 88' lang='lat' dir='ltr'>externi</span> <span class='ocrx_word' id='word_1_120' title='bbox 265 2138 392 2196; x_wconf 90' lang='lat' dir='ltr'>veniunt</span> <span class='ocrx_word' id='word_1_121' title='bbox 406 2138 519 2215; x_wconf 84' lang='lat' dir='ltr'>generi,</span> <span class='ocrx_word' id='word_1_122' title='bbox 537 2139 588 2214; x_wconf 95' lang='lat' dir='ltr'>qui</span> <span class='ocrx_word' id='word_1_123' title='bbox 605 2139 753 2215; x_wconf 92' lang='lat' dir='ltr'>sanguine</span> <span class='ocrx_word' id='word_1_124' title='bbox 768 2149 905 2198; x_wconf 92' lang='lat' dir='ltr'>nostrum</span> 
     </span>
     <span class='ocr_line' id='line_1_21' title="bbox 134 2231 1029 2308; baseline 0.002 -20"><span class='ocrx_word' id='word_1_125' title='bbox 134 2251 245 2289; x_wconf 92' lang='lat' dir='ltr'>nomen</span> <span class='ocrx_word' id='word_1_126' title='bbox 262 2231 293 2288; x_wconf 92' lang='lat' dir='ltr'>in</span> <span class='ocrx_word' id='word_1_127' title='bbox 309 2241 390 2289; x_wconf 88' lang='lat' dir='ltr'>astra</span> <span class='ocrx_word' id='word_1_128' title='bbox 405 2232 512 2304; x_wconf 83' lang='lat' dir='ltr'>ferant,</span> <span class='ocrx_word' id='word_1_129' title='bbox 531 2252 720 2308; x_wconf 92' lang='lat' dir='ltr'>quorumque</span> <span class='ocrx_word' id='word_1_130' title='bbox 737 2233 775 2291; x_wconf 91' lang='lat' dir='ltr'>ab</span> <span class='ocrx_word' id='word_1_131' title='bbox 792 2233 885 2308; x_wconf 85' lang='lat' dir='ltr'>stirpe</span> <span class='ocrx_word' id='word_1_132' title='bbox 901 2242 1029 2307; x_wconf 88' lang='lat' dir='ltr'>nepotes</span> 
     </span>
     <span class='ocr_line' id='line_1_22' title="bbox 134 2324 1183 2401; baseline -0.001 -19"><span class='ocrx_word' id='word_1_133' title='bbox 134 2324 236 2382; x_wconf 92' lang='lat' dir='ltr'>omnia</span> <span class='ocrx_word' id='word_1_134' title='bbox 252 2325 308 2382; x_wconf 92' lang='lat' dir='ltr'>sub</span> <span class='ocrx_word' id='word_1_135' title='bbox 325 2325 464 2399; x_wconf 90' lang='lat' dir='ltr'>pedibus,</span> <span class='ocrx_word' id='word_1_136' title='bbox 482 2344 542 2400; x_wconf 87' lang='lat' dir='ltr'>qua</span> <span class='ocrx_word' id='word_1_137' title='bbox 560 2325 610 2383; x_wconf 88' lang='lat' dir='ltr'>Sol</span> <span class='ocrx_word' id='word_1_138' title='bbox 627 2335 787 2401; x_wconf 88' lang='lat' dir='ltr'>utrumque</span> <span class='ocrx_word' id='word_1_139' title='bbox 803 2343 960 2383; x_wconf 91' lang='lat' dir='ltr'>recurrens</span> <span class='ocrx_word' id='word_1_140' title='bbox 1081 2340 1131 2376; x_wconf 91' lang='lat'>100</span> <span class='ocrx_word' id='word_1_141' title='bbox 1181 2353 1183 2361; x_wconf 94' lang='lat'>·</span> 
     </span>
     <span class='ocr_line' id='line_1_23' title="bbox 133 2416 892 2493; baseline 0.003 -19"><span class='ocrx_word' id='word_1_142' title='bbox 133 2416 243 2492; x_wconf 91' lang='lat' dir='ltr'>aspicit</span> <span class='ocrx_word' id='word_1_143' title='bbox 260 2417 427 2489; x_wconf 88' lang='lat' dir='ltr'>Oceanum,</span> <span class='ocrx_word' id='word_1_144' title='bbox 444 2417 580 2492; x_wconf 90' lang='lat' dir='ltr'>vertique</span> <span class='ocrx_word' id='word_1_145' title='bbox 596 2417 720 2493; x_wconf 89' lang='lat' dir='ltr'>regique</span> <span class='ocrx_word' id='word_1_146' title='bbox 736 2418 892 2476; x_wconf 91' lang='lat' dir='ltr'>videbunt.</span> 
     </span>
     <span class='ocr_line' id='line_1_24' title="bbox 133 2509 923 2584; baseline 0 -19"><span class='ocrx_word' id='word_1_147' title='bbox 133 2510 210 2567; x_wconf 88' lang='lat' dir='ltr'>haec</span> <span class='ocrx_word' id='word_1_148' title='bbox 225 2528 374 2584; x_wconf 89' lang='lat' dir='ltr'>responsa</span> <span class='ocrx_word' id='word_1_149' title='bbox 389 2509 484 2584; x_wconf 88' lang='lat' dir='ltr'>patris</span> <span class='ocrx_word' id='word_1_150' title='bbox 501 2509 598 2566; x_wconf 91' lang='lat' dir='ltr'>Fauni</span> <span class='ocrx_word' id='word_1_151' title='bbox 613 2509 809 2584; x_wconf 91' lang='lat' dir='ltr'>monitusque</span> <span class='ocrx_word' id='word_1_152' title='bbox 825 2509 923 2567; x_wconf 88' lang='lat' dir='ltr'>silenti</span> 
     </span>
     <span class='ocr_line' id='line_1_25' title="bbox 133 2600 902 2676; baseline 0.001 -18"><span class='ocrx_word' id='word_1_153' title='bbox 133 2611 223 2660; x_wconf 90' lang='lat' dir='ltr'>nocte</span> <span class='ocrx_word' id='word_1_154' title='bbox 239 2602 328 2659; x_wconf 90' lang='lat' dir='ltr'>datos</span> <span class='ocrx_word' id='word_1_155' title='bbox 344 2620 406 2658; x_wconf 92' lang='lat' dir='ltr'>non</span> <span class='ocrx_word' id='word_1_156' title='bbox 422 2600 487 2676; x_wconf 89' lang='lat' dir='ltr'>ipse</span> <span class='ocrx_word' id='word_1_157' title='bbox 503 2620 559 2658; x_wconf 91' lang='lat' dir='ltr'>suo</span> <span class='ocrx_word' id='word_1_158' title='bbox 574 2600 683 2676; x_wconf 90' lang='lat' dir='ltr'>premit</span> <span class='ocrx_word' id='word_1_159' title='bbox 699 2620 750 2658; x_wconf 90' lang='lat' dir='ltr'>ore</span> <span class='ocrx_word' id='word_1_160' title='bbox 766 2601 902 2674; x_wconf 91' lang='lat' dir='ltr'>Latinus,</span> 
     </span>
     <span class='ocr_line' id='line_1_26' title="bbox 133 2692 898 2769; baseline -0.001 -17"><span class='ocrx_word' id='word_1_161' title='bbox 133 2695 188 2752; x_wconf 92' lang='lat' dir='ltr'>sed</span> <span class='ocrx_word' id='word_1_162' title='bbox 204 2694 316 2752; x_wconf 89' lang='lat' dir='ltr'>circum</span> <span class='ocrx_word' id='word_1_163' title='bbox 332 2693 392 2751; x_wconf 90' lang='lat' dir='ltr'>late</span> <span class='ocrx_word' id='word_1_164' title='bbox 408 2693 539 2750; x_wconf 91' lang='lat' dir='ltr'>volitans</span> <span class='ocrx_word' id='word_1_165' title='bbox 555 2692 614 2749; x_wconf 86' lang='lat' dir='ltr'>iarn</span> <span class='ocrx_word' id='word_1_166' title='bbox 632 2695 725 2750; x_wconf 88' lang='lat' dir='ltr'>Fama</span> <span class='ocrx_word' id='word_1_167' title='bbox 740 2712 794 2769; x_wconf 89' lang='lat' dir='ltr'>per</span> <span class='ocrx_word' id='word_1_168' title='bbox 809 2694 898 2751; x_wconf 88' lang='lat' dir='ltr'>urbes</span> 
     </span>
     <span class='ocr_line' id='line_1_27' title="bbox 133 2786 859 2863; baseline -0.001 -18"><span class='ocrx_word' id='word_1_169' title='bbox 133 2787 288 2845; x_wconf 90' lang='lat' dir='ltr'>Ausonias</span> <span class='ocrx_word' id='word_1_170' title='bbox 304 2787 422 2859; x_wconf 91' lang='lat' dir='ltr'>tulerat,</span> <span class='ocrx_word' id='word_1_171' title='bbox 440 2804 508 2844; x_wconf 93' lang='lat' dir='ltr'>cum</span> <span class='ocrx_word' id='word_1_172' title='bbox 525 2786 747 2844; x_wconf 88' lang='lat' dir='ltr'>Laomedontia</span> <span class='ocrx_word' id='word_1_173' title='bbox 762 2787 859 2863; x_wconf 92' lang='lat' dir='ltr'>pubes</span> 
     </span>
     <span class='ocr_line' id='line_1_28' title="bbox 131 2878 864 2956; baseline 0.001 -20"><span class='ocrx_word' id='word_1_174' title='bbox 131 2879 288 2956; x_wconf 85' lang='lat' dir='ltr'>gramineo</span> <span class='ocrx_word' id='word_1_175' title='bbox 303 2879 386 2955; x_wconf 90' lang='lat' dir='ltr'>ripae</span> <span class='ocrx_word' id='word_1_176' title='bbox 403 2878 539 2954; x_wconf 87' lang='lat' dir='ltr'>religavit</span> <span class='ocrx_word' id='word_1_177' title='bbox 555 2880 594 2936; x_wconf 91' lang='lat' dir='ltr'>ab</span> <span class='ocrx_word' id='word_1_178' title='bbox 610 2898 719 2955; x_wconf 86' lang='lat' dir='ltr'>aggere</span> <span class='ocrx_word' id='word_1_179' title='bbox 735 2881 864 2937; x_wconf 90' lang='lat' dir='ltr'>classem</span> 
     </span>
    </p>

    <p class='ocr_par' dir='ltr' id='par_1_8' title="bbox 132 2971 940 3235">
     <span class='ocr_line' id='line_1_29' title="bbox 174 2971 861 3048; baseline -0.003 -16"><span class='ocrx_word' id='word_1_180' title='bbox 174 2976 297 3032; x_wconf 89' lang='lat' dir='ltr'>Aeneas</span> <span class='ocrx_word' id='word_1_181' title='bbox 313 2972 462 3048; x_wconf 91' lang='lat' dir='ltr'>primique</span> <span class='ocrx_word' id='word_1_182' title='bbox 479 2971 572 3030; x_wconf 89' lang='lat' dir='ltr'>duces</span> <span class='ocrx_word' id='word_1_183' title='bbox 589 2981 619 3029; x_wconf 92' lang='lat' dir='ltr'>et</span> <span class='ocrx_word' id='word_1_184' title='bbox 634 2972 760 3047; x_wconf 91' lang='lat' dir='ltr'>pulcher</span> <span class='ocrx_word' id='word_1_185' title='bbox 777 2972 861 3030; x_wconf 91' lang='lat' dir='ltr'>Iulus</span> 
     </span>
     <span class='ocr_line' id='line_1_30' title="bbox 133 3064 849 3141; baseline 0.001 -18"><span class='ocrx_word' id='word_1_186' title='bbox 133 3085 260 3141; x_wconf 89' lang='lat' dir='ltr'>corpora</span> <span class='ocrx_word' id='word_1_187' title='bbox 275 3066 332 3123; x_wconf 92' lang='lat' dir='ltr'>sub</span> <span class='ocrx_word' id='word_1_188' title='bbox 348 3065 439 3122; x_wconf 91' lang='lat' dir='ltr'>ramis</span> <span class='ocrx_word' id='word_1_189' title='bbox 455 3064 613 3139; x_wconf 89' lang='lat' dir='ltr'>deponunt</span> <span class='ocrx_word' id='word_1_190' title='bbox 630 3065 745 3123; x_wconf 91' lang='lat' dir='ltr'>arboris</span> <span class='ocrx_word' id='word_1_191' title='bbox 761 3065 849 3138; x_wconf 91' lang='lat' dir='ltr'>altae,</span> 
     </span>
     <span class='ocr_line' id='line_1_31' title="bbox 132 3157 940 3235; baseline 0.002 -20"><span class='ocrx_word' id='word_1_192' title='bbox 132 3158 356 3233; x_wconf 91' lang='lat' dir='ltr'>instituuntque</span> <span class='ocrx_word' id='word_1_193' title='bbox 373 3158 477 3234; x_wconf 79' lang='lat' dir='ltr'>dapeS,</span> <span class='ocrx_word' id='word_1_194' title='bbox 495 3167 525 3215; x_wconf 91' lang='lat' dir='ltr'>et</span> <span class='ocrx_word' id='word_1_195' title='bbox 541 3157 653 3215; x_wconf 87' lang='lat' dir='ltr'>adorea</span> <span class='ocrx_word' id='word_1_196' title='bbox 669 3157 731 3216; x_wconf 91' lang='lat' dir='ltr'>liba</span> <span class='ocrx_word' id='word_1_197' title='bbox 746 3177 800 3235; x_wconf 88' lang='lat' dir='ltr'>per</span> <span class='ocrx_word' id='word_1_198' title='bbox 815 3159 940 3219; x_wconf 90' lang='lat' dir='ltr'>herbam</span> 
     </span>
    </p>
   </div>
   <div class='ocr_carea' id='block_1_3' title="bbox 131 3310 1122 3450">
    <p class='ocr_par' dir='ltr' id='par_1_9' title="bbox 131 3310 1122 3450">
     <span class='ocr_line' id='line_1_32' title="bbox 175 3310 1122 3375; baseline 0.001 -17"><span class='ocrx_word' id='word_1_199' title='bbox 175 3310 205 3358; x_wconf 90' lang='lat'>81</span> <span class='ocrx_word' id='word_1_200' title='bbox 226 3310 365 3372; x_wconf 80' lang='lat' dir='ltr'>monstris,</span> <span class='ocrx_word' id='word_1_201' title='bbox 378 3311 591 3371; x_wconf 50' lang='lat' dir='ltr'>prodigite—84</span> <span class='ocrx_word' id='word_1_202' title='bbox 610 3325 730 3374; x_wconf 78' lang='lat' dir='ltr'>saevam,</span> <span class='ocrx_word' id='word_1_203' title='bbox 745 3314 908 3372; x_wconf 69' lang='lat' dir='ltr'>pestilentem,</span> <span class='ocrx_word' id='word_1_204' title='bbox 923 3314 1078 3375; x_wconf 61' lang='lat' dir='ltr'>pestiferam.</span> <span class='ocrx_word' id='word_1_205' title='bbox 1089 3342 1122 3350; x_wconf 78' lang='lat'><em>-</em></span> 
     </span>
     <span class='ocr_line' id='line_1_33' title="bbox 131 3385 1036 3450; baseline 0.001 -17"><span class='ocrx_word' id='word_1_206' title='bbox 131 3385 164 3433; x_wconf 84' lang='lat'>86</span> <span class='ocrx_word' id='word_1_207' title='bbox 182 3385 261 3449; x_wconf 76' lang='lat' dir='ltr'>dona,</span> <span class='ocrx_word' id='word_1_208' title='bbox 279 3385 439 3446; x_wconf 79' lang='lat' dir='ltr'>sacrificium.</span> <span class='ocrx_word' id='word_1_209' title='bbox 450 3399 520 3446; x_wconf 85' lang='lat'>-91</span> <span class='ocrx_word' id='word_1_210' title='bbox 541 3386 701 3450; x_wconf 78' lang='lat' dir='ltr'>Acheronta,</span> <span class='ocrx_word' id='word_1_211' title='bbox 721 3389 776 3433; x_wconf 80' lang='lat' dir='ltr'>deos</span> <span class='ocrx_word' id='word_1_212' title='bbox 794 3389 889 3448; x_wconf 76' lang='lat' dir='ltr'>inseror</span> <span class='ocrx_word' id='word_1_213' title='bbox 906 3394 930 3433; x_wconf 81' lang='lat' dir='ltr'>et</span> <span class='ocrx_word' id='word_1_214' title='bbox 945 3404 1036 3434; x_wconf 81' lang='lat' dir='ltr'>manes.</span> 
     </span>
    </p>
   </div>
   <div class='ocr_carea' id='block_1_4' title="bbox 0 0 1242 3732">
    <p class='ocr_par' dir='ltr' id='par_1_10' title="bbox 0 0 1242 3732">
     <span class='ocr_line' id='line_1_34' title="bbox 0 0 1242 3732; baseline 0 0"><span class='ocrx_word' id='word_1_215' title='bbox 0 0 1242 3732; x_wconf 95' lang='lat' dir='ltr'> </span> 
     </span>
    </p>
   </div>
  </div>
 </body>
</html>
