2476 3732
139 274 160 334 6
463 285 636 330 AENEIDOS
669 287 733 333 LIB.
758 288 815 333 VII.

144 420 275 496 invocat,
291 432 322 482 et
337 423 468 500 duplicis
485 425 641 502 Caeloque
658 427 820 502 Ereboque
835 437 988 503 parentes.
1092 443 1142 489 140

143 515 194 573 hic
209 525 295 591 pater
311 516 505 592 omnipotens
520 527 567 576 ter
582 520 667 577 caelo
683 519 783 577 clarus
799 521 838 578 ab
854 521 916 578 alto

143 607 285 680 intonuit,
301 608 456 685 radiisque
473 610 630 669 ardentem
646 611 722 670 lucis
738 621 769 670 et
784 632 858 671 auro

143 698 209 775 ipse
225 719 317 758 manu
333 701 474 776 quatiens
490 704 626 762 ostendit
642 705 680 763 ab
696 705 819 762 aethere
835 706 956 763 nubem.

143 791 257 850 diditur
271 793 322 851 hic
337 793 439 852 subito
454 795 589 853 Troiana
610 815 664 872 per
680 796 802 873 agmina
817 817 925 870 rumor,

143 884 306 944 advenisse
322 886 412 960 diem,
430 907 491 963 quo
507 888 612 947 debita
627 889 749 947 moenia
764 889 908 948 condant.
1088 904 1141 955 145

143 977 281 1036 certatim
297 978 469 1039 instaurant
484 980 599 1056 epulas,
618 990 710 1057 atque
726 981 826 1040 omine
842 1000 954 1058 magno

143 1079 275 1129 crateras
292 1071 363 1129 laeti
379 1081 517 1131 statuunt
533 1083 564 1131 et
578 1073 649 1131 vina
664 1083 821 1132 coronant.

185 1248 312 1305 Postera
327 1267 395 1305 cum
411 1248 508 1324 prima
522 1249 673 1308 lustrabat
687 1250 828 1325 lampade
844 1259 939 1308 terras

142 1348 209 1397 orta
224 1339 299 1412 dies,
317 1341 422 1398 urbem
438 1350 469 1398 et
483 1341 552 1398 finis
569 1350 599 1399 et
614 1341 703 1399 litora
717 1341 818 1418 gentis

142 1430 254 1489 diversi
269 1433 443 1508 explorant:
465 1433 542 1491 haec
557 1434 652 1492 fontis
669 1444 777 1510 stagna
793 1434 923 1507 Numici,
1089 1448 1139 1500 150

141 1523 223 1580 hunc
238 1524 386 1601 Thybrim
401 1525 534 1598 fluvium,
548 1525 598 1583 hic
612 1527 700 1584 fortis
716 1526 854 1584 habitare
870 1527 1007 1586 Latinos

141 1624 205 1673 tum
222 1625 306 1674 satus
322 1616 459 1675 Anchisa
475 1617 612 1676 delectos
628 1619 735 1677 ordine
751 1619 789 1676 ab
805 1619 889 1676 omni

141 1717 263 1766 centum
280 1718 416 1768 oratores
432 1720 562 1786 augusta
577 1711 617 1769 ad
632 1711 754 1769 moenia
768 1711 848 1788 regis

140 1800 183 1859 ire
199 1800 292 1874 iubet,
309 1801 400 1860 ramis
416 1802 533 1862 velatos
550 1804 684 1862 Palladis
700 1804 807 1877 omniS,

141 1894 283 1969 donaque
298 1895 376 1953 ferre
392 1895 465 1968 viro,
483 1915 651 1972 pacemque
668 1916 833 1973 exposcere
849 1897 985 1956 Teucris
1086 1912 1138 1965 155

140 1987 223 2043 haud
238 2006 331 2060 mora,
348 1988 496 2046 festinant
512 1988 586 2046 iussi
602 1989 778 2065 rapidisque
793 1991 931 2048 feruntur

140 2078 293 2155 passibus.
339 2083 411 2157 Ipse
427 2081 533 2139 humili
549 2082 691 2158 designat
706 2082 827 2140 moenia
842 2084 936 2155 fossa,

140 2171 322 2248 moliturque
339 2174 447 2247 locum,
464 2174 639 2250 primasque
655 2175 686 2232 in
703 2175 790 2233 litore
805 2176 896 2234 sedes

140 2274 308 2348 castrorum
323 2265 354 2323 in
370 2286 484 2324 morem
500 2267 602 2343 pinnis
618 2278 710 2344 atque
726 2288 836 2344 aggere
852 2267 954 2344 cingit.

139 2356 260 2432 iamque
276 2357 333 2415 iter
348 2359 464 2416 emensi
480 2369 577 2418 turres
593 2380 630 2418 ac
645 2369 726 2420 tecta
742 2361 920 2419 Latinorum
1085 2362 1136 2412 160

139 2449 234 2506 ardua
250 2451 416 2509 cernebant
432 2451 566 2524 iuvenes,
584 2472 731 2528 muroque
748 2452 900 2512 subibant.

139 2551 210 2599 ante
226 2543 331 2600 urbem
347 2542 432 2618 pueri
448 2552 478 2600 et
493 2543 648 2619 primaevo
663 2544 737 2602 flore
754 2543 894 2604 iuventus

138 2644 317 2692 exercentur
332 2634 428 2709 equis,
446 2634 658 2710 domitantque
674 2635 705 2693 in
720 2635 843 2712 pulvere
859 2656 972 2710 currus,

139 2736 191 2784 aut
206 2726 283 2784 acris
300 2727 430 2784 tendunt
445 2746 542 2800 arcus,
560 2736 612 2784 aut
628 2727 710 2786 lenta
726 2728 846 2788 lacertis

139 2818 256 2894 spicula
271 2828 483 2894 contorquent,
500 2838 652 2894 cursuque
668 2820 790 2897 ictuque
807 2821 974 2882 lacessunt:
1082 2825 1129 2891 165

138 2931 206 2969 cum
222 2920 401 2987 praevectus
417 2931 497 2986 equo
513 2912 653 2988 longaevi
669 2914 748 2991 regis
765 2915 804 2973 ad
820 2915 900 2973 auris

137 3004 262 3063 nuntius
278 3003 411 3080 ingentis
427 3003 531 3081 ignota
547 3005 578 3062 in
593 3016 678 3064 veste
695 3017 828 3083 reportat

185 3185 230 3230 140
245 3170 372 3235 duplicis,
385 3172 440 3218 duo.
449 3201 483 3208 -
493 3186 538 3232 144
556 3172 669 3238 diditur,
683 3175 835 3235 effertur.-
845 3189 888 3236 147
902 3173 978 3239 vina,
986 3177 1128 3237 pocula.-

139 3258 184 3310 152
197 3248 284 3311 satus,
295 3253 376 3303 natus,
382 3247 465 3309 filius.
474 3276 507 3283 —
517 3261 562 3313 153
572 3250 699 3313 oratores,
709 3251 790 3312 legati.
797 3278 831 3286 —
841 3250 885 3315 158
896 3251 981 3316 sedes,
991 3252 1126 3300 domicilia.

138 3321 184 3386 165
197 3323 343 3385 lacessunt,
355 3325 515 3373 contendunt.

14 3637 16 3681 ι
41 3617 183 3682 Α
